4150 5150
104 141 129 324 l

104 543 108 676 l

492 460 547 536 De
568 459 835 558 Compellatione
854 461 960 538 Patris
980 458 1083 538 nostri
1098 457 1266 536 coelestis:
1523 469 1583 555 87

184 597 229 678 ab
248 601 322 676 aliis
342 589 585 690 incommodis,
601 621 675 678 tum
688 602 732 678 ab
749 604 898 681 infantili
915 605 972 678 illa
984 606 1097 702 legum
1111 629 1192 701 quas
1209 603 1448 681 Cerimonialae
1464 605 1573 681 dicere

104 747 105 770 2
186 704 334 780 solemus
357 703 587 792 observantia,
610 707 648 782 a
672 727 713 781 ut
730 711 937 806 adoptionem
962 713 1196 805 acciperemus,
1212 731 1283 782 non
1298 733 1373 781 eam
1386 709 1488 782 modo
1498 731 1573 804 qua
1621 774 1624 780 .

103 835 104 868 1
187 832 208 880 a
226 805 307 881 filiis
327 805 465 881 Diaboli
484 811 516 880 de
533 808 593 879 irae
610 807 899 894 discriminamur‚
918 807 1063 883 sedeam
1077 808 1177 881 etiam
1189 833 1256 903 qna
1272 811 1462 899 excellimus
1478 811 1574 905 supra

103 975 104 986 ,
185 907 354 994 infantes,
378 909 436 1003 qui
454 935 526 982 non
545 909 692 984 multum
708 935 728 982 a
745 908 846 984 servis
863 903 1032 983 differunt.
1057 908 1168 984 Nobis
1185 909 1298 1007 itaque
1313 913 1427 984 Deum
1440 915 1574 985 Patrem

185 1009 343 1085 nostrum
363 1011 527 1104 appellare
542 1007 591 1082 fin
609 1009 657 1083 est
674 1035 712 1082 ea
730 1010 892 1098 libertate,
907 1007 1051 1097 fiducia,
1068 1015 1101 1084 δι
1117 1011 1268 1106 gratiosae
1279 1013 1479 1108 dignationis
1494 1039 1575 1086 oon-

183 1110 352 1286 ffissnfia'
372 1112 505 1206 qualem
518 1129 744 1207 quantamque
761 1111 824 1185 filii
835 1113 901 1186 Dei
920 1111 1064 1208 antiquis
1081 1113 1287 1208 temporibus
1304 1140 1376 1189 non
1390 1132 1577 1243 potuerunp

262 1238 326 1286 ere.
957 1235 960 1250 ·

103 1297 105 1310 Ι
240 1315 279 1388 Χ
290 1315 335 1392 V.
362 1313 467 1392 Porro
484 1314 558 1388 haec
575 1313 679 1388 Patris
697 1311 873 1410 appellatio
889 1313 1098 1388 commodior
1115 1311 1185 1388 viso
1203 1313 1250 1387 est
1265 1314 1303 1388 in
1321 1299 1457 1409 precum
1478 1339 1574 1389 exor-
1587 1329 1639 1376 XV·
1657 1325 1740 1404 rapt·

102 1431 103 1520 g
189 1412 276 1503 dio,
299 1413 481 1510 praesertim
503 1417 539 1488 in
561 1415 622 1488 ista
641 1413 862 1488 familiaritate
884 1440 985 1510 quam
1008 1415 1102 1490 Novi
1122 1415 1325 1490 Testamenti
1342 1419 1445 1510 gratia
1461 1419 1571 1510 parit,
1586 1392 1753 1511 ζξξῖζῖζζ,
1829 1468 1830 1471 ,
1908 1407 1916 1416 “

102 1539 103 1614 3
191 1542 298 1614 quam
319 1521 459 1590 Domini
469 1551 482 1601 ,·
501 1537 560 1590 aut
577 1541 776 1618 quocupque
796 1517 862 1588 alio
880 1518 1016 1588 honoris
1036 1518 1137 1589 titulo
1153 1516 1235 1589 alibi
1251 1519 1366 1590 Deum
1383 1519 1573 1613 compellari
1586 1528 1629 1577 hic
1640 1524 1693 1576 vasa
1704 1525 1742 1577 est

190 1617 485 1740 dpprehendimuq
535 1619 640 1710 Qrod
664 1619 697 1691 da
722 1620 942 1692 Theodoram
963 1617 1151 1707 observavit
1168 1619 1211 1690 ad
1229 1627 1310 1748 Cap.
1329 1643 1361 1693 1.
1384 1625 1520 1692 Cantici.
1549 1599 1734 1713 affl&

102 1721 103 1726 ’
190 1704 351 1794 honora
376 1715 404 1836 q*
427 1739 545 1818 aucep·
566 1719 646 1796 arira
666 1712 740 1826 peip
755 1723 894 1814 μαλλον
916 1717 935 1804 ri
955 1717 1057 1793 e'ns‘iao
1079 1711 1199 1799 Sinna
1215 1719 1341 1796 aumas.
1384 1725 1577 1794 ODomr'ne

102 1901 103 1904 ,
191 1823 239 1895 (θ’
260 1829 390 1902 Pater,·
410 1826 512 1914 magis
532 1826 616 1894 enim
637 1825 756 1892 Patris
775 1845 874 1916 qnam
892 1825 1031 1896 Domini
1053 1821 1249 1916 apellatione
1265 1823 1448 1895 deleslaris.
1487 1821 1583 1910 Quia
1673 1905 1677 1915 ¹
1713 1910 1716 1914 ι

189 1923 258 1994 hac
270 1919 493 2014 appellatione
505 1916 705 1996 validissime
718 1937 973 1994 commoventur
991 1913 1128 1994 affedlus
1141 1923 1337 1995 reverentiae
1350 1973 1362 2008 ,
1378 1919 1476 2008 fidei,
1496 1921 1577 2016 spei,
1639 1940 1643 1945 ·

457 2020 481 2044 2(

101 2083 102 2096 ,
192 2022 369 2108 chariritas,
393 2016 606 2126 cappaciana,
632 2019 816 2116 similesque
835 2047 980 2116 quorum
998 2024 1036 2094 in
1054 2040 1173 2095 orante
1195 2026 1340 2096 maxime
1363 2021 1412 2094 est
1427 2021 1581 2096 habenda

192 2124 295 2197 rasio.
323 2123 366 2196 Et
383 2123 532 2216 prolaeta
554 2121 727 2216 singularis
744 2125 818 2196 haec
831 2123 877 2196 est
893 2124 958 2194 Dei
976 2148 1054 2217 ergo
1071 2149 1133 2195 nos
1154 2121 1354 2218 benignitas,
1372 2125 1463 2220 quod
1480 2124 1580 2219 Spiri-

194 2241 251 2300 tus
262 2224 319 2296 ille
338 2217 608 2318 mindonensem,
628 2221 727 2298 Faciat
744 2252 804 2298 nos
824 2225 964 2298 clamate
985 2223 1085 2298 Abba
1104 2230 1223 2302 Pater.

243 2326 366 2416 XVI.
393 2327 477 2400 Non
495 2323 616 2400 licuisse
636 2327 720 2400 olim
735 2325 836 2399 servis
853 2329 886 2399 &
904 2325 1034 2410 ancillis
1051 2325 1216 2398 Durninos
1232 2324 1306 2398 suos
1322 2325 1426 2400 Patris
1443 2327 1579 2402 nomine
1590 2321 1778 2447 ἓξὲξ

194 2427 399 2522 compellare
418 2425 643 2503 Hebraeorum
666 2427 818 2522 Magistri
840 2427 978 2501 tradunt
994 2453 1003 2495 ε
1021 2428 1072 2498 uti
1093 2419 1192 2500 exiis
1210 2426 1450 2502 demonstravit
1472 2433 1577 2504 Selde-
1593 2466 1646 2516 a,

101 2576 102 2579 =
190 2555 281 2611 nus,
301 2532 340 2603 de
352 2527 483 2623 Sucoeff.
509 2533 544 2603 in
562 2535 652 2603 Bona
676 2529 838 2605 Defune‘l.
859 2540 1001 2623 Capmv.
1020 2526 1143 2601 Libero
1161 2546 1274 2602 autem
1291 2530 1421 2603 homini
1437 2533 1579 2605 omnino

120 2632 132 2663 ²
190 2630 245 2707 fas
261 2650 332 2707 erat
349 2632 565 2725 quempiam,
588 2629 657 2705 five
676 2631 839 2728 frequenti
858 2630 1073 2705 adlocutione
1085 2631 1339 2725 compellando,
1350 2630 1418 2704 five
1438 2634 1510 2705 aliis
1528 2634 1582 2705 in·

190 2754 246 2807 ter
269 2732 474 2827 loquendum
495 2733 721 2827 appellando,
741 2754 868 2829 patrem
891 2734 939 2805 ita
956 2730 1018 2805 fibi
1038 2730 1233 2819 adsciscere,
1258 2754 1297 2804 ut
1310 2733 1522 2827 adoptionem
1537 2733 1583 2807 ab

189 2836 305 2909 isthoc
323 2834 461 2907 homine
481 2834 587 2908 veluti
605 2834 784 2910 ambiendo
802 2834 865 2909 fibi
882 2850 1095 2934 praepararet.
1125 2838 1216 2923 Quae
1233 2835 1251 2904 h
1267 2851 1361 2929 patre
1370 2836 1419 2908 ita
1432 2835 1583 2923 adscito,

193 2940 230 3012 ds
266 2934 377 3009 filium
409 2932 605 3031 agnoscente
630 2986 642 3021 ,
680 2938 722 3009 ad
755 2934 1005 3011 succeffionem'
1023 2934 1161 3007 demum
1201 2932 1409 3008 firmabatur:
1474 2939 1607 3013 Caete-¹
1657 2929 1660 2942 ’
1754 2983 1757 2989 ,
1834 2964 1839 2981 ’

191 3064 277 3114 rum
299 3036 398 3111 servis
421 3056 522 3133 atque
538 3038 665 3109 ancillis
689 3038 724 3111 id
744 3048 816 3130 non
834 3036 1037 3133 persuasere,
1061 3062 1104 3109 ne
1122 3034 1224 3129 patris
1242 3034 1288 3109 fic
1303 3036 1416 3111 adsciti
1435 3036 1585 3124 senilia,

193 3140 328 3215 servilis
348 3140 490 3214 maculae
511 3136 875 3234 hamaadspergeretur.
910 3139 994 3213 Non
1010 3134 1213 3211 clbdifficile
1238 3140 1310 3211 haec
1322 3139 1374 3211 'ad
1393 3140 1587 3213 institutum

194 3240 355 3319 nostrum
371 3242 555 3315 transferre.
579 3269 584 3283 *
602 3243 733 3315 Omnes
754 3242 908 3336 equidem
925 3259 1047 3313 natura
1068 3240 1155 3313 servi
1170 3239 1281 3325 sunaus
1304 3242 1428 3335 peccati
1438 3294 1450 3329 ,
1468 3240 1587 3335 dudm·¹

192 3344 284 3421 boli.
302 3344 529 3439 hntiquorum
548 3360 740 3441 temporum
761 3341 895 3431 fideles,
913 3345 1067 3437 quamvis
1088 3340 1135 3413 ab
1151 3342 1253 3413 isthac
1269 3341 1427 3416 servitute
1440 3341 1584 3428 liberati,

192 3446 287 3523 servi
306 3465 419 3517 tuneo
436 3442 497 3537 sub
517 3446 587 3539 lege
602 3464 703 3519 erant
753 3446 850 3531 Nos,
868 3464 1037 3539 quotquot
1054 3441 1222 3515 Christum
1243 3444 1509 3517 consummatum
1526 3468 1585 3515 ve·

192 3556 234 3623 ra
254 3545 322 3621 fide
336 3546 529 3640 recipimus,
549 3544 592 3619 ab
611 3565 747 3643 utraque
761 3545 919 3619 servitute
933 3546 969 3619 in
982 3543 1167 3617 libertatem
1181 3542 1307 3626 asserti,
1320 3542 1511 3619 facultatem
1524 3548 1583 3615 ha-

192 3650 318 3728 bemus
335 3639 450 3720 Deum
467 3665 506 3719 ut
519 3664 645 3741 patrem
660 3648 893 3744 compellandi.
920 3646 960 3721 Id
971 3646 1188 3719 noninvitrts
1202 3646 1306 3732 audit,
1319 3672 1426 3741 quum
1441 3646 1584 3741 Spiritus

197 3748 308 3851 ipsius
328 3750 495 3823 dtamen
508 3746 559 3822 fit.
597 3752 708 3845 Atque
725 3750 774 3823 ita
789 3749 943 3823 firmatur
959 3746 1057 3822 nobis
1075 3748 1138 3819 hac
1155 3749 1430 3842 compellatione,
1447 3749 1468 3819 al
1486 3746 1589 3821 nobis

193 3878 259 3951 per
278 3854 437 3947 Spiritum
454 3848 564 3937 fodit,
587 3852 605 3921 i
625 3854 700 3925 Deo
718 3850 851 3925 admissa
866 3902 879 3939 ,
905 3853 956 3945 jus
973 3848 1184 3923 haereditatis.

251 3954 389 4031 XVII.
416 3952 460 4026 ht
480 3978 589 4048 neque
602 3952 643 4026 de
658 3954 764 4027 nihilo
782 3954 854 4040 ost,
881 3952 973 4047 quod
992 3951 1227 4025 NOSTRUM
1247 3952 1380 4025 Patrem
1399 3951 1507 4025 dicere
1520 3954 1675 4023 nosffll·
1691 3954 1752 4001 ΝΟ·

196 4054 350 4131 Christus
374 4052 505 4151 jusserit
548 4054 627 4129 Hoc
646 4056 737 4127 enim
756 4056 877 4150 partim
895 4054 976 4143 fidei
992 4052 1067 4138 est,
1092 4052 1214 4145 partim
1232 4056 1422 4127 eharitatis.
1460 4056 1554 4126 h'idea'
1567 4104 1581 4133 ,
1593 4016 1754 4151 mhi„

197 4176 365 4255 quatenus
384 4156 554 4230 ea'ontnia
571 4182 649 4251 quae
665 4158 769 4230 isthac
785 4157 1010 4253 appellatione
1026 4156 1242 4227 continentur
1260 4154 1360 4227 nobis
1375 4179 1508 4249 quoque
1523 4178 1582 4247 ap·
1591 4152 1702 4232 aaran
1712 4186 1720 4210 ν
1732 4148 1764 4233 ³³.

196 4261 375 4357 plicamus.
425 4258 585 4331 Nostram
600 4256 818 4352 protestamur
832 4257 893 4333 elle
912 4257 1243 4352 &regenerationem
1264 4260 1298 4329 a
1314 4258 1532 4346 adoptionem
1548 4218 1787 4342 &{i{¹m⁶³⁸⁸,
1892 4274 1907 4328 ’.

198 4362 396 4437 charitatem
408 4358 512 4432 illam
534 4358 763 4434 incredibilem
783 4387 851 4457 qua
873 4360 992 4434 clodos
1018 4358 1095 4440 suos
1117 4356 1326 4451 prosequitur
1353 4360 1457 4429 Deus
1507 4357 1583 4431 Nos
1831 4360 1835 4366 ’

197 4488 338 4559 quoque
358 4459 551 4557 profitemur
566 4484 604 4533 ea
617 4463 770 4536 adversus
788 4484 916 4539 tanmm
936 4455 1160 4556 benigniflimi
1175 4458 1335 4533 Numinis
1353 4461 1509 4552 pietatem
1531 4483 1584 4529 ro-

196 4564 353 4643 verentia
368 4588 408 4639 ac
424 4558 673 4659 reclamatione,
694 4564 811 4645 enfide
823 4592 863 4643 ac
878 4564 953 4663 spo,
968 4589 1008 4640 ea
1022 4561 1223 4659 subjudicet
1237 4586 1276 4634 ac
1294 4558 1488 4636 obedientia
1496 4584 1588 4733 plrae-

240 4688 244 4696 ·
499 4694 501 4697 ·
873 4722 875 4727 .
1535 4682 1591 4733 tos
