4150 5150
708 143 714 146 ¹
811 146 820 178 l

688 406 714 419 '‘
749 409 803 488 De
827 407 1004 486 Oratione
1391 384 1427 503 p
1456 495 1463 510 x
1524 429 1567 485 tr

202 549 394 626 emblemate
413 553 485 624 viri
498 547 755 648 iulideruisepto
780 549 877 646 rufo:
904 576 1023 648 quem,
1050 566 1091 623 ut
1111 553 1349 647 imperatorem
1374 546 1492 633 suum,
1519 549 1569 638 [ε’

201 654 378 752 quadraretur
397 655 474 744 equi
498 649 584 739 rufi,
605 649 688 742 balii
697 707 708 733 ,
741 655 784 726 &⁸
804 653 884 734 albi.
898 653 980 728 vers:
1000 661 1034 740 8.
1061 651 1104 724 ad
1124 676 1224 746 quem
1241 641 1403 723 accedunt
1432 653 1568 726 aeuum

207 752 336 826 suorum
353 753 511 824 reddituri
530 752 702 824 rationem.
717 752 805 826 vers:
835 777 890 829 11.
918 755 974 852 qui
992 755 1135 848 denique
1151 753 1334 847 alloquitur
1352 752 1567 845 prophetam,

207 857 380 949 omniaque
400 853 538 926 dicenda
551 851 699 947 suggerit.
738 855 806 954 Hic
823 855 970 952 Angelus
987 856 1146 952 Jelrovae,
1170 851 1269 949 quise
1286 877 1349 950 pro
1367 853 1496 948 Jehova
1515 875 1569 946 ge-

209 959 249 1030 rit
266 956 486 1028 introducitur
506 973 619 1026 tamen
639 973 677 1026 ut
700 981 807 1027 orans.
1601 1037 1606 1044 q

249 1057 362 1130 XVI.
390 1053 634 1150 Respodeamus
649 1055 691 1126 ad
712 1052 838 1150 singula
863 1054 1021 1130 distinete.
1073 1060 1218 1153 Spiritus
1239 1055 1361 1143 dieitur
1382 1079 1444 1150 pro
1469 1049 1570 1126 uobis
1591 1097 1655 1145 m
1672 1095 1761 1158 ΑΨ.
1784 1129 1791 1144 x

207 1145 504 1264 imperitantium,
523 1181 593 1228 non
610 1156 701 1250 quod
715 1157 779 1252 ipse
800 1175 890 1240 oret,
911 1155 964 1229 sed
977 1157 1148 1252 quod,·ut
1156 1157 1294 1252 Spiritus
1308 1181 1455 1251 precum,
1464 1154 1569 1228 Zach:
1592 1157 1638 1207 ³¹¹⁶
1656 1158 1717 1222 qm·

206 1283 243 1332 xr
257 1284 285 1332 r:
308 1279 363 1331 10.
391 1257 558 1329 orationes
577 1255 672 1328 nobis
690 1255 828 1342 formet,
856 1258 978 1345 distet,
996 1257 1158 1352 suggerat.
1177 1275 1181 1282 ·
1210 1259 1381 1332 Nimirum
1393 1259 1439 1330 est
1454 1242 1569 1362 tropas·
1590 1226 1762 1358 ,ᾱξςῗρζζοα

204 1373 322 1444 turm
342 1360 533 1434 Advocarut
546 1357 653 1430 noster
667 1359 715 1430 uti
733 1358 851 1454 saepius
860 1361 948 1453 apud
956 1360 1144 1454 Johannem
1161 1359 1303 1445 dicitur,
1317 1383 1387 1430 non
1402 1377 1471 1430 tam
1481 1354 1571 1448 quod
1591 1359 1723 1476 οῐῖἓῠῗθ·
1847 1445 1852 1450 Δ

205 1457 342 1533 caussam
359 1459 506 1530 nostram
523 1460 611 1553 apud
629 1459 742 1532 Deum
759 1459 860 1556 agat(
869 1487 907 1532 eo
930 1461 1022 1534 seusu
1038 1459 1183 1533 Christus
1202 1461 1310 1533 noster
1328 1454 1573 1534 Advocatusest
1592 1440 1671 1545 ἓν
1690 1438 1764 1493 ‘⁸⁸⁶'

212 1587 224 1636 1
242 1563 319 1655 Joh:
337 1583 402 1633 11:
422 1560 512 1655 1.qui
531 1559 575 1632 ob
589 1585 663 1633 earn
674 1564 775 1633 tenid
794 1561 890 1635 nobis
903 1561 988 1636 abiit
1006 1563 1048 1632 ad
1067 1563 1244 1653 Patrem,)
1271 1585 1372 1656 quam
1390 1559 1480 1654 quod
1506 1556 1573 1628 Dei

208 1661 391 1756 Clarisbique
412 1659 551 1733 caussam
573 1681 649 1756 agat
665 1663 752 1757 apud
770 1691 854 1748 nos,
886 1665 928 1735 ad
947 1689 1028 1758 quos
1049 1663 1224 1735 iPatre&
1258 1661 1390 1736 Christo
1409 1659 1572 1732 mittitur.

207 1761 326 1860 quibus
345 1757 519 1834 successum
532 1761 759 1856 satissaslionir
778 1765 1055 1838 &advocationis
1072 1764 1195 1836 Christi
1216 1764 1375 1858 exponit,
1393 1788 1475 1857 quos
1489 1759 1577 1830 exci-

208 1885 253 1938 tat
276 1863 318 1935 ad
333 1863 403 1956 ejus
423 1868 469 1936 rei
490 1861 667 1946 fiduciam3
693 1893 775 1960 quos
796 1865 927 1938 instruit
949 1867 1168 1960 argumentis,
1183 1863 1348 1959 quibus&
1362 1860 1574 1944 coramDeo,
1698 1893 1703 1896 ·

207 1969 237 2040 dt
257 1985 371 2038 coirtra
394 1963 614 2052 adversarios,
635 1966 688 2060 jus
706 1971 739 2039 ἃ
762 1965 968 2039 securitatem
985 1965 1128 2038 nostram
1148 1967 1232 2038 tueri
1252 1967 1430 2038 valeamus.
1474 1961 1577 2054 Finge

209 2065 271 2140 tibi
287 2089 382 2138 reum
395 2067 562 2160 aliquem,
593 2068 667 2152 cui,
686 2066 780 2162 super
809 2068 947 2161 maximi
973 2068 1137 2140 momenti
1160 2071 1322 2160 negotio,
1346 2064 1478 2138 libellus
1503 2059 1578 2154 sup·
1603 2085 1608 2092 ·

209 2169 286 2263 plex
305 2160 493 2240 offerendus
523 2168 569 2240 est
597 2168 718 2261 judici:
742 2167 810 2264 ipse
835 2189 948 2243 autem
975 2191 1083 2264 neque
1103 2170 1279 2240 materiam
1306 2165 1577 2248 scribendorum,

209 2293 317 2364 aeque
335 2265 519 2364 scriptionis
539 2267 717 2343 formulam
735 2271 940 2364 exploratam
958 2270 1029 2342 ullo
1047 2270 1149 2364 modo
1166 2268 1294 2341 lrabeat.
1346 2267 1448 2363 Finge
1461 2264 1581 2360 pariter

209 2371 420 2446 Advocatum
438 2370 515 2441 artis
531 2369 600 2443 suae
615 2369 865 2464 peritissimum,
886 2372 944 2467 qui
965 2369 1112 2464 libellum
1130 2391 1240 2444 totum
1252 2369 1394 2457 sonnet,
1414 2365 1580 2463 quemde·
1618 2386 1621 2399 ·

212 2469 328 2545 scribat
350 2495 423 2558 reus
432 2521 444 2558 ,
467 2491 565 2564 quem
586 2469 643 2543 sua
662 2497 766 2546 manu
782 2471 904 2568 signet,
921 2497 1019 2568 quem
1039 2471 1111 2564 ipse
1125 2471 1227 2564 judici
1251 2466 1380 2544 offerat.
1431 2465 1579 2544 Libellus

213 2574 348 2669 quidem
374 2573 430 2645 ille
454 2590 543 2646 totus
566 2600 651 2669 opus
673 2576 834 2648 Advocati
858 2574 925 2661 est,
961 2594 1105 2647 attamen
1127 2571 1257 2646 libellus
1282 2571 1422 2669 petentis
1454 2565 1593 2658 censeri·

112 2714 115 2787 p
213 2674 335 2761 debet,
356 2674 477 2768 quippe
492 2675 582 2768 cujus
598 2673 702 2749 caussa
720 2676 845 2771 agitur,
869 2676 958 2751 dead
977 2701 1077 2771 quem
1096 2675 1258 2769 quidquid
1275 2676 1397 2769 petitur
1408 2670 1577 2743 redundat.

112 2788 116 2881 'p
202 2778 273 2851 Ille
287 2801 361 2867 reus
386 2801 447 2847 nos
463 2775 590 2857 sumitur
609 2778 667 2871 qui
680 2804 785 2874 quum
802 2778 910 2864 multa
920 2776 962 2849 ad
979 2778 1092 2850 Deum
1106 2775 1244 2848 dicenda
1259 2774 1455 2858 habeamus,
1468 2793 1579 2845 tamen

215 2878 296 2973 quid
321 2901 451 2949 oremus
475 2894 514 2949 ut
540 2896 689 2973 oportet,
706 2904 777 2951 non
794 2880 961 2953 novimus.
1001 2878 1062 2953 Ille
1085 2878 1264 2951 advocatus
1279 2878 1422 2971 Spiritus
1443 2876 1581 2947 saeuus

112 3050 113 3053 ,
216 2978 283 3060 elit
311 2978 368 3073 qui
393 2978 507 3051 omnia
529 3004 607 3073 quae
626 2980 659 3051 &
681 2982 851 3073 quomodo
873 2979 1014 3075 petenda
1030 2976 1094 3051 fint
1110 2977 1268 3073 suggerit,
1297 2978 1355 3071 qui
1380 2972 1500 3047 utentis
1522 2997 1582 3044 no-

112 3102 114 3173 ξ
216 3082 291 3153 strae
312 3078 425 3151 oeulos
447 3084 569 3173 aperit,
601 3096 641 3151 ut
663 3082 929 3178 &indigentiam
954 3081 1119 3166 nostram,
1147 3084 1179 3153 de
1201 3078 1420 3173 spiritualium
1437 3074 1584 3148 accoele·

112 3190 114 3229 l
216 3181 317 3253 stium
339 3204 450 3252 rerum
475 3180 702 3275 praestantiam
714 3183 773 3254 rite
794 3182 1014 3264 aestimemuss
1042 3182 1099 3275 qui
1124 3182 1241 3253 ardens
1262 3206 1373 3253 earum
1396 3200 1506 3250 rerum
1526 3176 1583 3246 de·
1608 3255 1612 3273 Ι

112 3274 113 3355 s
216 3280 372 3355 fidetium
390 3280 542 3353 innobis
565 3282 706 3362 excitate
735 3282 837 3381 iisque
856 3310 918 3355 nos
939 3276 1113 3355 affeslibus
1138 3282 1281 3368 imbuit,
1304 3286 1364 3377 qui
1388 3282 1453 3351 Dei
1479 3277 1586 3369 malea
1673 3372 1677 3375 ἡ
1767 3356 1770 3366 1
1848 3286 1855 3294 ”

112 3412 113 3419 “
179 3452 185 3457 .
219 3385 324 3469 state,
352 3382 461 3455 nostra
477 3383 622 3468 vilitate,
645 3408 755 3455 rerum
773 3382 1023 3459 desideratarum
1044 3384 1234 3478 praestantia
1254 3384 1344 3477 digni
1365 3380 1447 3462 fintt
1461 3376 1583 3475 quide-

217 3488 323 3580 nique
336 3482 480 3569 sensiam
498 3484 633 3579 largitur
656 3479 851 3590 πωρῥησῖαιν.
900 3490 1008 3581 litque
1022 3484 1070 3556 ita
1087 3486 1206 3557 clamat
1224 3484 1259 3557 in
1274 3484 1373 3558 uobis
1385 3482 1466 3555 Gal:
1483 3488 1583 3554 1v=6.·

218 3608 261 3659 ut
279 3610 338 3680 per
356 3609 433 3657 eum
451 3610 513 3657 nos
534 3584 729 3671 clamemus,
761 3584 857 3659 Abba
876 3586 982 3659 Pater.
997 3585 1149 3660 Romrvr
1161 3608 1201 3660 11
1215 3614 1224 3656 ε
1237 3609 1294 3678 15.
1338 3586 1390 3658 Ita
1413 3578 1587 3657 intercedit·

218 3712 281 3782 pro
295 3684 392 3759 nobis
410 3683 549 3781 suspiriis
568 3684 861 3774 inenarrabilibus,
893 3704 934 3759 ut
951 3710 989 3759 ea
1011 3685 1048 3757 in
1064 3686 1161 3761 nobis
1178 3691 1298 3759 excitet
1318 3687 1467 3758 ac‘cieat.
1650 3763 1654 3770 ,

179 3788 184 3797 ’
271 3786 406 3861 XVII.
433 3790 478 3859 At
490 3812 596 3881 neque
625 3787 809 3861 hoctotum
826 3787 893 3861 eli:
917 3784 1171 3862 itaconsrderari
1189 3788 1311 3862 debent
1330 3786 1391 3859 illa
1402 3781 1585 3878 suspiciant
1604 3796 1682 3845 Μ·
1700 3790 1763 3858 Q‘

112 3950 113 3953 ,
219 3878 377 3999 on'upee
406 3888 448 3965 τέ
466 3870 675 3987 antipatre,
699 3891 903 3967 continentia
920 3907 1078 3967 mentem,
1098 3889 1238 3980 dudm,
1259 3886 1403 3972 studium
1425 3888 1582 3981 Spiritus.
1603 3853 1750 3976 ἕξις-Ἐξ(
1838 3964 1840 3967 ⁴

218 3988 276 4061 Sic
299 4004 337 4061 ut
358 3988 450 4083 quod
463 4074 465 4082 y
476 4016 537 4061 nos
556 3988 699 4085 petimus
716 3988 994 4085 ipso¹charitatem
1009 3992 1046 4061 in
1059 3989 1214 4067 cordibus
1228 3989 1345 4064 nostris
1367 3987 1586 4065 accendente,
1605 3995 1660 4051 eins
1677 3986 1763 4039 conti·

217 4088 258 4161 id
283 4087 381 4163 nobis
399 4090 556 4183 Spiritum
570 4090 636 4161 Dei
657 4088 766 4167 dDeo
779 4110 920 4187 petere,
939 4093 1004 4169 hoc
1021 4092 1089 4179 cll,
1113 4093 1210 4165 nobis
1232 4114 1300 4165 una
1317 4088 1492 4163 vuluntate
1510 4104 1589 4157 cum
1609 4068 1682 4127 ⁸³²¹·

219 4190 319 4263 Patre
345 4192 378 4263 dt
401 4191 496 4263 Filio·
521 4188 712 4281 decernere,
750 4220 821 4267 non
841 4192 1043 4267 dubitemus.
1098 4194 1219 4293 Neque
1246 4190 1392 4288 emphasi
1416 4188 1473 4263 liu
1500 4198 1590 4258 caret
1687 4242 1690 4248 ,

218 4290 308 4363 illud
331 4271 611 4398 iatpttzoyxebtu
633 4294 722 4387 quod
741 4296 879 4389 Spiritui
896 4294 1096 4369 attribuitur.
1147 4296 1223 4369 Nos
1241 4292 1467 4391 perspiritum
1479 4288 1591 4361 sumus
1683 4312 1687 4317 ·

217 4376 475 4485 drwyxdrrmc
506 4418 565 4486 pro
587 4390 801 4499 nobisipsis.
854 4397 993 4491 Spiritus
1011 4375 1295 4504 ἱπεςιντυγχᾶνυ,
1324 4391 1510 4489 superaddit
1532 4386 1592 4457 ali·
1633 4432 1638 4437 -
1754 4420 1769 4462 a

216 4490 304 4587 quid
322 4490 543 4571 intercessioni
554 4492 696 4580 nostrata
717 4496 874 4575 conciliat
902 4500 933 4573 ei
956 4496 1030 4569 vim
1048 4524 1191 4571 novamt
1214 4496 1298 4587 ‚faut
1317 4512 1359 4569 ut
1376 4512 1458 4569 vota
1482 4486 1592 4565 nostra
1705 4510 1713 4524 '

683 4617 709 4631 ’·
960 4600 986 4672 Β
1013 4618 1036 4679 2
1454 4622 1458 4631 ¹
1524 4613 1594 4664 nou

1740 3473 1758 3524 ,
1866 3470 1869 3474 J
