4150 5150
334 423 337 431 ·
361 467 365 474 ’
480 482 538 558 De
563 479 833 586 compellatione
859 477 964 558 Patris
983 461 1087 558 nostri
1110 482 1271 559 Coelellis.
1516 499 1576 596 ⁸89

201 614 611 700 mulavitbeneliciorum;
630 643 718 718 'quae
731 617 809 693 sane
822 645 929 716 neque
954 619 1125 714 ignorare,
1152 642 1261 714 neque
1273 614 1412 692 inficiari
1427 643 1579 714 unquam

200 717 338 816 poliunt.
386 721 521 792 Patrem
534 721 669 805 dicant,
691 721 820 794 intuitu
836 720 927 794 istius
940 721 1136 793 reverentiae
1149 745 1228 816 quae
1239 721 1333 794 nulla
1345 747 1492 816 unquam
1503 745 1580 814 pec-
1670 727 1683 764 s

181 842 345 906 catorum
361 822 522 894 violentia
538 821 743 916 expectorari
767 821 846 896 ime
864 819 1016 893 fidelibus
1028 821 1155 917 potest,
1168 822 1251 918 quin
1268 819 1452 896 identidem
1468 847 1577 895 recur-

199 940 266 1008 rat,
285 923 502 1018 animumque
511 921 687 996 submittat
698 923 785 994 Deo.
835 923 967 998 Patrem
984 922 1117 1008 dicant,
1145 947 1188 996 ex
1200 919 1360 996 defiderio
1378 922 1574 996 obtinendae

198 1021 345 1096 Paternae
363 1022 430 1096 suae
450 1027 587 1118 gratiae,
608 1048 674 1119 qua
686 1025 770 1095 nihil
783 1021 859 1118 ἱρῆς
873 1024 1015 1098 accidere
1028 1021 1129 1118 poffit
1142 1023 1329 1117 jucundius.
1370 1025 1501 1098 Patrem
1518 1024 1575 1096 dc-

107 1159 109 1168 ·
198 1123 295 1218 nique
321 1125 452 1210 dicant,
480 1123 506 1196 ῆ
527 1151 597 1198 non
613 1149 655 1197 ex
672 1121 751 1197 fidei
763 1123 973 1220 persuasrone
1000 1125 1094 1219 quod
1109 1119 1285 1218 jaml'ater
1302 1123 1450 1221 ipsorum
1470 1125 1577 1198 factus
1690 1138 1693 1140 ’

197 1221 257 1308 lin
288 1223 402 1298 saltem
424 1250 502 1303 curn
516 1223 591 1320 spe,
620 1244 707 1299 certe
729 1249 807 1300 cerm
825 1243 926 1314 voto,
949 1245 987 1298 ut
999 1225 1096 1298 Pater
1114 1225 1259 1320 ipsorum
1268 1221 1338 1297 fieri
1352 1227 1457 1314 velit,
1477 1225 1576 1322 ipsos·
1633 1285 1639 1296 ,

199 1351 260 1420 que
277 1327 313 1400 in
328 1325 416 1399 filios
440 1344 534 1400 tanto
550 1327 645 1399 Patre
665 1326 784 1422 dignos
801 1327 954 1402 formare.
982 1327 1025 1400 Et
1041 1326 1138 1400 faciet
1158 1325 1299 1399 saneilla
1316 1327 1420 1400 Patris
1432 1327 1578 1422 oonrpel-
1604 1389 1610 1401 .

107 1485 109 1510 k
199 1425 332 1511 lotiout
344 1427 382 1499 in
395 1429 508 1503 animo
523 1429 683 1502 excitetur
704 1428 812 1522 pudor
833 1427 878 1502 ob
895 1425 1070 1522 antegrella
1083 1445 1235 1524 peccata,
1256 1425 1577 1524 &desideriumgra
1707 1443 1710 1447 ’

107 1527 109 1588 ἱ
199 1527 273 1614 tire,
297 1531 331 1601 &
352 1527 422 1623 spes
440 1531 573 1615 veniae,
598 1525 852 1624 &proposrtum
874 1530 1083 1604 accuratioris
1110 1529 1260 1624 pietatis:
1277 1547 1376 1624 atque
1394 1531 1441 1602 ita
1460 1556 1577 1624 quom-
1680 1559 1693 1578 ·

107 1671 109 1686 ι
197 1629 246 1702 vis
274 1655 346 1704 non
363 1627 406 1702 sn
431 1631 544 1703 alacris
558 1627 636 1703 fidei
654 1623 807 1707 effeetus.
835 1633 877 1730 ad
894 1630 1163 1728 promovendam
1186 1648 1300 1704 tamen
1325 1627 1404 1704 fidei
1430 1631 1578 1706 alacrita-

195 1746 262 1803 tem
279 1731 467 1824 plurimum
487 1729 655 1806 inserviet.

107 1913 109 1924 ,
244 1831 383 1907 XXII.
409 1834 469 1906 ΠΙ.
497 1835 569 1921 Qri
582 1834 618 1904 in
637 1831 790 1908 Eccleliae
808 1830 970 1907 institutae
980 1834 1219 1909 communione
1236 1832 1374 1930 degunt,
1386 1856 1448 1906 nec
1459 1852 1574 1906 tamen
1585 1833 1677 1948 fflg
1685 1897 1716 1949 t·

197 1931 330 2026 regeniti
351 1933 428 2008 sunt
449 1959 507 2028 per
526 1935 684 2028 Spiritum
699 1933 875 2019 Sanctum,
897 1935 948 2006 illi
966 1961 1042 2009 non
1058 1933 1193 2030 poliunt
1209 1936 1322 2007 Deum
1333 1935 1465 2010 Patrem
1477 1932 1573 2008 suum
1586 1965 1660 2014 coene
1675 1965 1749 2014 sneo-

107 2101 109 2126 ,
198 2033 301 2108 dicere
316 2061 357 2108 eo
375 2033 467 2108 sensu
476 2087 488 2122 ‚
512 2061 578 2130 quo
591 2033 714 2108 fideles.
763 2036 996 2110 Nihilominus
1008 2035 1176 2110 incumbit
1189 2033 1265 2130 ipsis
1282 2031 1572 2121 orandiofficium,
1584 2027 1758 2150 gffllssn·

107 2167 109 2198 ν
195 2136 246 2210 uti
266 2139 431 2210 &caetera
454 2137 584 2231 pietatis
607 2133 727 2210 officia.
778 2137 853 2210 Nec
864 2137 1108 2231 praescribenda
1134 2134 1210 2232 ἱρῆς
1228 2138 1295 2210 alia
1318 2137 1476 2210 orationis
1506 2132 1743 2231 ἱοῐ-ρμῑιιὶὲο·

107 2249 108 2278 ³
197 2239 307 2324 mula,
329 2257 369 2314 ut
381 2239 494 2312 Deum
506 2241 697 2310 Creatorem
713 2239 824 2332 potius
835 2257 894 2311 aut
910 2239 1100 2312 Dominum
1111 2259 1318 2334 nuncupent.
1345 2236 1474 2312 Frustra
1482 2240 1574 2311 enim
1585 2234 1715 2370 affl·

107 2407 109 2436 ‚
197 2335 320 2439 semper
341 2359 454 2426 erunt,
473 2341 632 2436 quamdiu
643 2363 713 2414 non
725 2341 884 2412 invocant
898 2367 975 2413 eum
985 2338 1079 2414 filiali
1094 2334 1231 2413 affectu.
1281 2341 1473 2412 Doceantur
1485 2365 1575 2436 ergo,

107 2457 109 2508 t
199 2442 368 2514 neminem
381 2443 441 2513 rite
472 2466 566 2514 orare
594 2437 682 2536 polle
706 2439 767 2514 nili
788 2467 846 2536 qur
866 2438 905 2514 srt
923 2440 1013 2514 filius
1030 2436 1118 2514 Deir
1135 2442 1274 2535 ideoque
1293 2441 1328 2514 id
1336 2438 1397 2512 fibi
1410 2442 1578 2515 omnibus

198 2543 283 2615 votis
304 2541 578 2619 contendendum
590 2539 650 2616 effe
661 2559 699 2616 ut
713 2567 786 2615 eom
799 2541 989 2617 felicitatem
1006 2544 1024 2615 ὲ
1030 2542 1179 2635 numine
1187 2540 1440 2639 consequantur.
1466 2543 1582 2619 Deum

107 2660 108 2663 ’
196 2644 329 2738 quidem
340 2645 475 2718 Patrem
500 2642 644 2739 ipsorum
665 2642 744 2730 effe,
768 2648 801 2717 &
826 2645 890 2717 dici
910 2644 953 2717 ab
970 2642 1048 2740 ἱρῆς
1067 2642 1176 2740 polle,
1202 2643 1349 2739 respestu
1379 2646 1577 2735 creationis,
1703 2681 1705 2684 ·

194 2744 477 2833 conservationis,
496 2746 746 2840 multorumque
767 2744 1027 2834 benefitiorum,
1050 2744 1171 2841 quibus
1190 2770 1245 2824 eos
1262 2745 1468 2839 auxitatque
1482 2771 1578 2819 orna-

108 2934 109 2941 *
197 2848 268 2922 vit:
286 2868 450 2922 coeterum
481 2846 515 2917 id
531 2870 740 2943 nequaquam
760 2848 801 2921 ad
823 2846 961 2921 solidam
976 2848 1167 2923 felicitatem
1184 2842 1348 2935 sufficere,
1372 2842 1434 2919 nist
1447 2848 1579 2921 Patrem

196 2970 270 3023 cnm
281 2948 517 3023 nanciscantur
535 2972 592 3040 per
603 2950 904 3041 regenerationem,
929 2954 962 3023 &
990 2948 1216 3044 adoptionem.
1248 2950 1380 3022 Patrem
1401 2948 1577 3045 itaquedi-

198 3074 275 3126 oant
294 3054 431 3137 Deum,
457 3066 619 3143 quatenus
642 3046 774 3142 poliunt
791 3050 914 3137 dicere,
936 3050 1066 3125 adeam
1084 3052 1219 3123 interim
1229 3049 1579 3143 anhelantesgratiam2
1659 3106 1662 3111 -
1749 3093 1762 3103 ·

108 3190 110 3201 ρ
195 3172 235 3227 ut
262 3156 299 3226 in
317 3152 416 3226 omni
442 3149 624 3223 verborum
640 3151 678 3221 vi
707 3151 753 3222 ita
778 3176 854 3223 eum
877 3176 997 3225 vocare
1021 3150 1097 3249 ἱρῆς
1116 3152 1224 3225 liceat.
1279 3152 1333 3222 De
1357 3169 1478 3224 caetero
1507 3177 1579 3224 non

108 3316 110 3323 ,
197 3274 288 3331 amat
306 3256 400 3327 Deus
430 3252 468 3325 in
487 3253 613 3327 orando
640 3252 760 3325 ninrias
787 3250 991 3327 curiosarum
1022 3255 1219 3351 plerumque
1249 3250 1476 3347 quaestionum
1500 3250 1578 3332 sub·
1635 3290 1640 3295 ·
1681 3288 1684 3292 ’

108 3352 109 3355 ‘
196 3358 345 3431 tilitates.

246 3456 411 3532 XXllI.
437 3452 591 3528 Nuncad
613 3454 648 3528 id
668 3455 883 3540 accedamus,
905 3454 998 3549 quod
1014 3455 1109 3529 Pater
1126 3452 1183 3526 ille
1204 3454 1314 3527 noster
1329 3456 1384 3530 IN
1415 3452 1595 3541 OQELIS,

195 3558 304 3636 ESSE
334 3556 476 3637 dicitur;
493 3556 662 3651 pluraliter
679 3576 719 3631 ut
739 3556 932 3652 respondeat
953 3556 1029 3629 voci
1050 3554 1230 3655 Hebraicae
1248 3561 1377 3619 0'092
1411 3557 1525 3629 Deum
1545 3558 1582 3628 in

126 3702 130 3706 ·
196 3661 288 3737 ooelo
310 3660 473 3735 thronum
493 3656 590 3728 suum
604 3655 726 3745 finiffe,
748 3662 826 3732 &ut
839 3658 999 3749 Hefiodus
1013 3659 1119 3744 canit,
1139 3640 1197 3732 ini
1234 3638 1582 3752 avellanarum,

197 3763 361 3837 onmium
379 3758 447 3842 fere
460 3758 636 3831 nationum
648 3760 761 3855 religio
778 3755 980 3855 praestriplit'.
1034 3756 1180 3855 Infignia
1203 3782 1251 3831 un
1265 3759 1404 3853 cquaein
1415 3758 1582 3834 honorem

196 3890 241 3941 ox
261 3864 391 3960 Orpheo
407 3857 507 3933 habet
536 3860 681 3933 tremens·
697 3864 964 3943 Alexandrinus,
986 3869 1106 3935 Strom.
1125 3858 1202 3936 Βῆ.
1222 3884 1258 3932 v.
1268 3879 1306 3961 ρ.
1333 3869 1419 3955 607.
1440 3869 1527 3947 608.
1563 3883 1586 3902 ’Ν

300 3957 413 4042 Αὐτδς
431 3944 462 4033 l'
482 3948 524 4034 οἷν
541 3936 662 4054 μὶγὲιν·
678 3946 785 4045 violer
806 3962 863 4037 ἐπ’
884 3954 996 4067 algaro
1014 3944 1076 4041 ἐςὶ
1092 3986 1208 4041 seror·

300 4058 439 4169 xgvrc'ro
460 4058 512 4135 tiri
536 4050 648 4163 θρὶνῳ
663 4046 749 4157 yoinr
766 4044 795 4135 ἱ
810 4057 874 4134 riri
893 4059 1002 4135 nortl
1025 3986 1190 4147 βὶξηκυ,
1231 4130 1235 4135 .

300 4138 467 4269 xslga‘ll
485 4144 643 4269 ἱεξιτεςῆν
674 4150 748 4267 noel
769 4148 944 4267 θὶρμασιν
971 4158 1124 4236 ὠκεανοῖο

300 4254 510 4337 Ε’κτὶτωκσν.
530 4261 550 4333 o'
574 4244 624 4335 'ov
645 4244 681 4334 ll
698 4256 807 4358 τρέμιι
832 4244 941 4343 βάσις
957 4241 1071 4335 'lile-le
1091 4253 1198 4359 Soteri

136 4365 138 4373 '
212 4392 216 4399 ·
302 4342 397 4433 Οὐδὲ
415 4340 521 4464 vigor
539 4282 678 4433 ῆὶναται
699 4343 857 4470 xgoittgov'
873 4341 1005 4457 nis&
1030 4356 1082 4442 ’ἑςι
1105 4344 1142 4439 li
1160 4356 1273 4463 ποίης

304 4452 416 4541 Αὐτδς
436 4458 506 4537 irs
522 4446 655 4551 durae.
677 4454 787 4589 {ixl
806 4452 911 4552 χθονὶ
931 4446 1050 4535 πέντε
1066 4462 1223 4567 naemei.

304 4550 424 4665 Α’ξκὶν
441 4556 541 4640 euros
559 4534 667 4653 ἱχων,
685 4550 928 4679 witterne,
943 4544 999 4642 till
1017 4554 1183 4653 meotis.

361 4662 457 4751 Orat.
484 4664 587 4749 Dour.
1007 4660 1051 4741 M
1452 4673 1585 4753 Αλλϋι
1693 4688 1702 4701 “

1470 4644 1490 4686 ἢ
