4150 5150
708 439 762 514 De
780 433 992 534 {Remissane
1008 421 1224 514 Debitonrmi
1541 441 1609 513 161
1723 471 1725 476 v
1831 538 1834 551 ⁴

234 577 334 652 valde
355 577 480 652 nedum
492 578 729 677 omnimodam*
740 581 827 663 inter
835 577 1277 676 utramque‘similitudinem
1294 569 1501 650 intercedere.
1517 570 1610 644 Nam

114 689 124 714 ¹
229 681 359 754 Divina
381 681 472 754 illuit
496 681 608 754 nostra
626 681 826 756 immensum
841 679 1158 778 quantumdiffidet.
1186 681 1212 754 l.
1226 680 1318 751 Deus
1336 675 1433 750 nobis
1448 673 1614 756 remittit,

230 800 271 852 ut
288 781 477 866 Dominus,
496 783 697 877 Legislamr,
717 783 846 878 Judex,
870 810 932 878 pro
956 783 1105 877 suprema
1124 779 1182 854 sua
1197 779 1367 876 potestate.
1418 777 1492 848 Nos
1511 771 1609 844 nobis

230 879 397 967 invicem,
417 901 455 953 ut
472 907 588 974 pares,
608 886 692 956 &in
715 885 841 956 mutuis
859 883 946 978 saepe
968 879 1100 956 offenfis
1111 884 1165 956 vel
1186 881 1329 976 aequales
1341 878 1396 952 vel
1415 897 1500 950 certe
1519 871 1609 946 fimi.
1728 950 1733 959 .

228 979 286 1055 les.
319 983 362 1054 Π.
387 983 481 1055 Deus
488 1032 500 1068 ,
520 980 625 1076 quum
636 982 810 1076 personam
819 983 983 1077 justissimi
993 984 1113 1078 judicis
1129 983 1292 1077 deponere
1309 1007 1378 1053 non
1393 973 1513 1074 poffit,
1532 999 1607 1068 pee-

228 1099 302 1154 cata
319 1108 389 1154 non
406 1083 548 1157 remittit
569 1081 630 1155 nisi
646 1085 773 1158 intuitu
791 1084 1020 1158 stamfadlionis
1039 1085 1181 1170 Christi,
1203 1107 1296 1180 quem
1308 1078 1476 1164 constituit
1498 1078 1607 1174 placa-

189 1219 195 1230 ,
223 1203 368 1256 mertum
382 1202 444 1278 per
452 1181 555 1271 fidem
573 1189 609 1255 in
621 1185 779 1278 sanguine
792 1186 911 1282 ipfius,
939 1189 981 1257 ad
991 1183 1286 1266 demonstrationem
1299 1179 1436 1275 justitia
1450 1177 1535 1266 sua,
1564 1195 1604 1248 ur

216 1281 325 1378 justus
342 1282 389 1373 fit
410 1287 485 1356 dum
494 1281 738 1375 justificatum
754 1291 813 1381 qui
824 1283 867 1368 est
883 1309 927 1357 ex
937 1284 1006 1374 fide
1017 1285 1117 1378 Jesu.
1144 1285 1245 1358 Rom.
1259 1305 1341 1356 111.
1354 1302 1412 1374 25.
1425 1289 1483 1354 26.
1528 1277 1603 1349 Nos

222 1403 359 1468 autem,
378 1409 485 1476 quum
499 1401 537 1455 ut
545 1383 667 1476 privati
682 1384 839 1458 &fratres
857 1383 1183 1470 hiceonsrderemur,
1203 1383 1353 1478 quamvis
1367 1381 1409 1453 ad
1423 1377 1601 1474 reparatio-

224 1509 306 1557 nem
327 1504 500 1556 teneamur
510 1484 662 1576 injuriae,
689 1487 856 1558 remittere
872 1505 986 1559 tamen
1002 1485 1160 1576 debemus
1178 1486 1278 1558 etiam
1295 1480 1363 1554 fine
1384 1479 1601 1554 satisfactione
1645 1469 1694 1518 ‘s
1763 1543 1776 1552 ..

222 1584 314 1671 ulla,
342 1587 455 1677 &quo
473 1582 642 1674 liberalius
655 1611 693 1656 ac
705 1588 868 1680 promtius
888 1587 1034 1660 cedimus
1053 1586 1239 1682 nostrojure
1276 1610 1317 1656 eo
1333 1608 1468 1677 agemus
1484 1579 1597 1652 lauda-

219 1683 330 1758 bilius.
357 1686 418 1758 111.
450 1686 543 1758 Deus
554 1686 600 1758 ita
616 1686 805 1774 condonat,
823 1706 861 1761 ut
879 1706 1083 1780 peecatorem
1103 1686 1146 1760 ab
1159 1686 1288 1760 aeternis
1307 1685 1415 1778 poenis
1433 1682 1597 1775 supremo·
1705 1749 1710 1758 .

219 1811 285 1880 que
313 1783 473 1880 supplicio
493 1784 627 1871 liberer,
652 1812 690 1858 ac
703 1786 761 1861 suo
786 1787 863 1862 beet
875 1786 1009 1875 favore,
1030 1791 1066 1860 in
1083 1815 1149 1884 quo
1162 1791 1243 1861 vitae
1264 1783 1435 1879 omnisque
1456 1783 1595 1860 felicita-

218 1887 262 1958 tis
283 1884 425 1960 sonsest.
452 1888 607 1970 Nosita,
627 1905 666 1959 ut
680 1914 758 1964 eum
776 1889 834 1983 qui
843 1881 985 1963 offendit
997 1916 1066 1962 non
1084 1888 1315 1986 persequamur
1328 1885 1474 1962 invalida
1483 1881 1593 1956 nostra

220 1990 253 2060 &
274 1988 358 2060 nihil
377 1985 518 2062 fornffis
538 1990 692 2061 nocitura
699 1992 746 2061 ira
752 2017 764 2070 ι
787 2010 886 2084 atque
910 1989 952 2062 ad
972 1989 1142 2067 summum
1164 1987 1274 2062 nostra
1294 1987 1468 2080 dignemur
1493 1983 1593 2056 bene-

217 2089 387 2175 volentia,
410 2113 489 2184 quae
506 2114 611 2182 quum
625 2091 820 2184 paupertina
837 2087 962 2184 semper
984 2074 1043 2178 sit,
1065 2093 1125 2166 vix
1135 2091 1185 2164 est
1200 2107 1239 2162 ut
1256 2089 1398 2160 multum
1412 2085 1492 2158 inde
1505 2108 1595 2156 com-

218 2190 314 2263 modi
330 2193 495 2283 percipere
515 2213 627 2284 queat<
653 2192 696 2264 Et
708 2190 782 2264 sane
793 2189 909 2264 misere
930 2191 1102 2264 nobiscum
1117 2209 1343 2284 comparatum
1357 2188 1451 2274 esset,
1480 2183 1505 2257 sr
1525 2209 1596 2258 non

147 2384 152 2392 ἠ
217 2287 354 2362 infinito
369 2291 442 2384 plus
457 2291 608 2364 utilitatis
618 2316 661 2363 ex
676 2294 741 2366 Dei
754 2289 944 2364 remiflione
954 2293 997 2366 ad
1013 2293 1296 2376 nosredundaret,
1317 2317 1418 2386 quam
1431 2313 1472 2361 ex
1485 2285 1598 2359 nostra

150 2463 158 2474 ,
214 2393 259 2465 ad
276 2392 470 2483 proximum
488 2391 648 2464 nostrum.
746 2412 749 2422 ·

265 2491 357 2564 ΧΧ.
385 2493 431 2564 Ar
444 2515 550 2587 neque
562 2493 626 2564 hoc
643 2491 753 2566 voluit
768 2493 959 2580 Dominus,
977 2509 1017 2566 ut
1034 2489 1181 2565 nostram
1200 2487 1422 2565 remissionem
1439 2489 1594 2583 allegare-

215 2618 291 2667 mus
312 2592 420 2676 veluti
443 2592 586 2667 caussam
609 2594 755 2690 aliquam
770 2596 973 2668 meritoriam
991 2591 1188 2666 remissionis
1207 2594 1353 2667 Divinae.
1386 2592 1483 2663 Nihil
1502 2590 1593 2662 enim

215 2712 367 2771 orantem
389 2694 638 2790 magisdedeeet
645 2746 661 2781 ,
674 2700 781 2791 'quam
789 2695 929 2769 fastuosa
939 2696 1134 2772 meritorum
1147 2694 1350 2789 praesumtio.
1377 2692 1526 2764 Maxime
1534 2689 1596 2763 ubi
1685 2764 1692 2783 ,

216 2797 291 2889 quis
304 2794 416 2867 deutri
434 2796 569 2867 veniam
588 2798 683 2891 petit.
710 2802 879 2887 Quaenam
894 2800 967 2869 haec
979 2793 1056 2869 esset
1072 2796 1247 2890 impudens
1265 2788 1462 2869 damnabilis
1477 2818 1593 2887 pecca-

214 2896 296 2971 toris
312 2893 482 2989 superbia,
503 2905 541 2969 ut
556 2920 633 2969 cum
648 2898 825 2984 criminum
839 2898 1085 2971 teterrimomm
1101 2893 1320 2984 confessione,
1334 2894 1455 2991 quibus
1470 2920 1511 2967 ne
1521 2894 1592 2989 spe-

212 3002 299 3071 eiem
319 2995 455 3090 quidem
474 2996 580 3069 ullam
602 2998 849 3091 praetexendam
868 2994 987 3083 habet,
1009 2999 1219 3089 arrogantem
1237 2999 1435 3071 meritorum
1455 2993 1591 3069 suorum

214 3097 430 3192 jammonam
448 3097 590 3191 jungat?
616 3118 719 3193 utque
739 3096 959 3172 miserabilem
971 3098 1062 3169 illam
1075 3097 1166 3171 suam
1178 3080 1415 3183 remissionem,
1436 3120 1537 3191 quam
1550 3116 1590 3169 ut

83 3291 87 3295 λ
214 3197 368 3273 officium
386 3199 552 3271 eharitatis
566 3202 722 3293 proximo
736 3198 852 3286 debet,
866 3202 900 3273 dr
912 3223 980 3294 qua
994 3196 1210 3293 ipsesortaffis
1220 3200 1301 3271 haut
1312 3200 1423 3290 minus
1436 3196 1590 3291 frequen-

211 3319 263 3388 ter
283 3299 430 3395 indiget,
451 3300 589 3395 allegare
612 3300 790 3394 praesumat
801 3297 1109 3395 tanquamraussam
1128 3290 1240 3395 qua'se
1259 3300 1387 3373 Divina
1399 3294 1589 3372 remiflione

212 3401 358 3495 dignum,
372 3400 495 3476 saciat?
520 3399 676 3475 Proculi
695 3400 872 3477 Christiani
899 3403 1040 3497 pesteris
1068 3402 1255 3475 humilitate
1283 3418 1355 3473 tam
1376 3401 1528 3474 indecens
1541 3398 1590 3473 sa·

213 3502 281 3578 stus
295 3499 402 3583 absit3
422 3525 500 3575 eum
516 3504 663 3575 maxime
672 3502 711 3575 in
723 3503 872 3575 oratione
877 3551 890 3589 ,
912 3522 1011 3598 atque
1029 3502 1507 3596 commemorabamus,
1523 3524 1589 3595 qua

83 3678 87 3685 ,
213 3604 356 3699 gratiam
374 3602 560 3675 &veniam
580 3602 717 3697 supplex
740 3620 906 3699 precatur.

258 3704 375 3777 XXI.
402 3704 533 3776 Verum
553 3704 602 3776 ira
629 3703 774 3777 nostram
791 3706 878 3777 hane
890 3696 1113 3778 remislionem
1127 3702 1258 3798 allegari
1267 3702 1436 3775 Dominus
1448 3701 1594 3796 patitur.¹

210 3804 237 3881 l
263 3806 312 3878 Ut
327 3805 495 3877 contineat
509 3807 830 3898 argumentationem
847 3804 1092 3899 aliqnamapud
1109 3804 1243 3892 Deum,
1269 3803 1408 3877 liberam
1432 3802 1587 3897 quidem,
1601 3864 1607 3874 .

213 3903 258 3979 sse
271 3924 383 3979 tamen
407 3922 447 3978 ut
457 3903 591 3979 libertas
608 3906 668 3979 illa
679 3930 757 3980 cum
774 3908 986 3981 veneratione
1003 3924 1104 4001 atque
1127 3906 1310 3979 reverentia
1337 3904 1483 3977 numinis
1508 3929 1587 3977 con-

210 4006 326 4101 junsta
338 4003 390 4079 fit.
427 4008 777 4101 Argumentationem,
790 4008 948 4101 inquam,
972 4030 1056 4099 qua,
1079 4006 1285 4101 procedendo
1305 4004 1586 4079 lminoriadma-
1641 4014 1650 4027 ‘

208 4106 281 4199 jus,
310 4108 376 4177 hoc
391 4106 460 4180 sere
476 4108 580 4181 modo
596 4134 675 4181 eum
692 4110 768 4181 Deo
786 4110 931 4202 agimm:
957 4108 1128 4194 Domine,
1151 4134 1213 4181 nos
1228 4132 1373 4203 quorum
1400 4104 1586 4201 benignitas
1782 4168 1787 4179 .

134 4285 138 4299 ⁵
212 4210 301 4278 arsia
318 4204 441 4300 semper
464 4228 563 4304 atque
582 4206 803 4304 malignaest,
818 4210 866 4282 ira
880 4232 958 4302 erga
970 4209 1162 4303 proximum
1179 4208 1327 4282 nostrum
1340 4200 1584 4289 affenisumus,
1675 4214 1684 4225 '

210 4324 249 4379 ut
267 4300 407 4382 offensas
429 4309 461 4383 ei
482 4310 552 4383 suas
572 4311 652 4383 haut
673 4308 851 4383 illubenter
872 4309 1122 4391 condonemuss
1142 4330 1267 4405 quanto
1282 4334 1362 4405 ergo
1376 4308 1493 4401 majori
1508 4330 1587 4379 cum
1612 4392 1621 4407 ἢ

83 4477 84 4481 ,
207 4405 331 4481 fiducia
352 4411 442 4484 idem
460 4410 558 4485 nobis
580 4412 599 4483 l
616 4430 649 4485 te
666 4433 874 4506 expetamus,
899 4410 993 4504 cujus
1012 4408 1173 4486 immensa
1189 4408 1375 4505 benignitas
1387 4433 1494 4503 neque
1517 4430 1588 4479 mo-

207 4509 268 4585 dos
277 4508 1588 4607 ullosnequetemrinoshabet?Nitinrrquehaecargumentatiofimiliillatione
1662 4558 1664 4561 -

387 4620 485 4698 Orat.
504 4617 607 4696 Doro.
1002 4612 1043 4689 X·
1081 4694 1083 4699 ,
1427 4624 1443 4651 “·
1487 4631 1590 4705 quam
