4150 5150
408 429 413 438 ’
502 450 572 528 168
1028 441 1226 520 Exercitatio
1263 437 1361 520 XII.

500 589 537 664 id
563 588 662 663 unite
679 588 886 683 deprecantes
907 609 949 664 ne
971 589 1009 663 in
1024 589 1136 666 surore
1157 589 1216 664 suo
1236 615 1298 666 vos
1312 589 1476 687 corripiet.
1511 579 1642 680 niolo,
1660 589 1829 678 Domine,
1851 587 1876 664 li

501 689 685 786 sapientia,
709 690 931 778 defenditur,
949 695 985 779 dc
1002 691 1135 766 bonitas
1155 711 1213 766 tua
1232 717 1287 764 me
1304 692 1442 785 jubeant
1458 695 1712 768 amaritudinem
1728 713 1877 788 peceato·

501 819 578 865 rum
598 817 752 866 meorum
772 789 929 887 gustare3
955 791 980 865 st
1003 792 1182 866 carendum
1202 794 1285 866 milri
1300 795 1507 888 aliquamdiu
1524 792 1563 866 fit
1583 797 1656 868 luce
1674 790 1883 888 exoptatilliae

500 919 569 966 mae
587 891 680 966 faciei
697 913 766 966 tuae
784 941 797 981 ,
818 918 970 988 praeque
985 911 1099 968 tomen
1118 893 1277 988 quidquid
1296 895 1379 968 milri
1402 895 1439 966 in
1461 898 1524 968 hoc
1541 896 1668 968 mundo
1687 894 1873 987 iuuandum

501 995 549 1068 est
564 1020 674 1067 carere
691 995 847 1081 mallem,
865 991 1112 1093 siexperiundo
1127 995 1362 1089 indignationis
1378 1015 1468 1082 tuoe,
1483 1019 1560 1090 quae
1580 1015 1688 1070 morte
1702 997 1789 1068 mihi
1801 1019 1875 1088 gro-
1964 1078 1968 1088 ι

354 1114 357 1122 ’
500 1098 576 1168 vior
592 1096 662 1176 est,
681 1098 714 1167 dc
734 1119 837 1189 quam
851 1097 961 1169 elreul
982 1119 1036 1170 me
1054 1093 1203 1170 meruisse
1221 1093 1347 1181 fateor,
1367 1095 1524 1170 acerbitas
1539 1125 1550 1176 ς
1571 1123 1677 1190 neque
1695 1095 1873 1170 subducere

497 1221 554 1269 me
570 1193 700 1290 possum
719 1245 732 1282 ,
760 1197 932 1285 Domine,
951 1221 1011 1268 neo
1029 1216 1068 1270 ut
1088 1195 1310 1290 subterfugere
1331 1198 1434 1296 velim
1452 1222 1587 1291 aequum
1609 1199 1665 1268 est.
1718 1199 1803 1270 Ecce
1820 1221 1873 1268 me

496 1315 649 1392 paratum
669 1297 711 1368 ad
728 1321 766 1370 ea
782 1299 897 1370 cannia
911 1293 979 1386 sine
996 1323 1164 1372 murmure
1176 1295 1347 1371 subeunda
1363 1299 1630 1392 queeimponere
1641 1296 1790 1370 lubitum
1804 1294 1872 1369 sue
1949 1336 1954 1347 ·

495 1398 551 1470 rit.
595 1398 877 1485 Tantummodo,
897 1395 982 1471 absit
1004 1401 1052 1472 ira
1073 1421 1170 1493 atque
1191 1399 1380 1472 maledictio
1401 1415 1483 1479 tua;
1502 1398 1624 1492 castiga,
1639 1423 1694 1470 me
1715 1398 1844 1471 modice
1855 1447 1868 1484 ,

461 1588 466 1594 .
495 1499 539 1572 ad
557 1500 794 1572 corredioncm
813 1501 899 1574 mei,
917 1525 989 1581 non
1006 1499 1049 1572 ad
1065 1500 1265 1580 interluunt
1292 1497 1355 1574 ubi¹
1373 1519 1486 1590 autem
1507 1499 1679 1594 castigatus
1699 1498 1818 1584 suero,
1837 1501 1872 1572 in

494 1599 675 1672 amicitiam
699 1625 754 1679 me
777 1602 913 1674 tandem
934 1618 1029 1674 tuam
1046 1601 1183 1695 recipito
1194 1623 1213 1686 ,·
1230 1601 1360 1694 depone
1379 1601 1532 1694 virgam,
1551 1602 1691 1674 alluceat
1708 1601 1792 1672 mihi
1811 1600 1870 1672 lux

494 1699 590 1773 faciei
607 1720 704 1785 mee,
729 1702 828 1774 redde
851 1703 936 1774 mihi
962 1702 1122 1796 gaudium
1141 1699 1282 1787 salutis,
1311 1704 1343 1774 de
1361 1697 1458 1774 refice
1483 1699 1549 1774 olla
1576 1725 1654 1797 qure
1675 1699 1867 1774 contrivisti.

456 1793 460 1800 ’
495 1801 591 1892 Quid
612 1802 769 1896 estquod
787 1819 858 1875 tum
879 1804 1000 1876 humili
1024 1827 1118 1897 prece
1136 1827 1207 1876 non
1223 1803 1477 1895 impetremus&
1497 1821 1566 1875 tarn
1590 1801 1753 1874 immensa
1770 1801 1868 1875 boni-

494 1921 587 1989 tate,
609 1922 731 1997 quanta
749 1903 850 1976 Patris
868 1903 973 1976 nostri
990 1903 1129 1978 coelestis
1148 1902 1194 1976 est
1213 1903 1328 2008 2'111.
1349 1903 1469 1976 Addite
1486 1921 1600 1976 autern
1615 1901 1771 1976 sinceram
1792 1929 1868 1996 pro·

494 2000 668 2076 sessionem
687 2004 790 2076 animi
809 2005 1048 2101 συνγνωρωκῢ,
1067 2003 1109 2077 ad
1127 2002 1363 2098 ignoscendum
1382 2001 1487 2076 facilis
1505 2005 1715 2099 promtique3
1737 2030 1807 2076 non
1823 2002 1867 2075 se·

496 2105 564 2176 mel
580 2101 712 2190 solum,
732 2123 830 2199 atque
845 2106 990 2192 iterum,
1014 2103 1069 2178 sed
1085 2103 1273 2200 frequenter
1290 2155 1302 2190 ,
1324 2105 1452 2198 quoties
1470 2103 1534 2178 fert
1556 2103 1683 2178 occalio
1693 2157 1705 2191 ,
1725 2101 1868 2180 etiamst

495 2230 579 2299 opus
596 2200 639 2276 fit
659 2231 729 2278 non
748 2203 862 2299 septies
878 2203 1010 2291 solum,
1029 2205 1085 2278 sed
1101 2211 1134 2278 u
1154 2205 1332 2301 septuagies
1348 2204 1463 2298 septies
1476 2231 1544 2278 uno
1558 2206 1633 2292 die,
1653 2207 1734 2280 Luc.
1756 2229 1866 2282 ivn:

494 2331 532 2402 4.
553 2307 640 2378 Mat·
657 2330 793 2380 xv111:
806 2325 864 2382 21.
882 2307 984 2400 idque‘
998 2333 1070 2380 non
1087 2307 1191 2397 modo
1205 2308 1240 2380 in
1254 2305 1435 2380 levioribus
1449 2301 1605 2392 offensis,
1624 2305 1678 2380 sed
1695 2310 1729 2380 a
1747 2309 1784 2379 in
1795 2331 1867 2401 gra·
1984 2357 1986 2364 ι

495 2403 652 2480 vissnnis:
670 2405 782 2480 &stne
799 2406 1010 2500 personarum
1022 2409 1171 2490 delct‘lur
1190 2409 1293 2484 etiam
1306 2407 1461 2482 adversus
1476 2433 1532 2480 eos
1545 2433 1627 2502 quos
1643 2407 1795 2502 plurimis
1811 2409 1866 2480 be.

369 2586 384 2618 Ι
493 2504 620 2583 deficiis
640 2507 861 2583 obstrinxistis
880 2509 922 2581 ad
946 2497 1194 2605 gratitudinem.
1235 2513 1325 2601 ‘Qua
1344 2499 1437 2583 'euim
1453 2506 1565 2583 fronte
1590 2531 1642 2582 tot
1663 2509 1867 2585 talentorum
1985 2521 1986 2524 ’

496 2606 660 2681 debitores
680 2610 816 2681 veniam
832 2611 852 2679 a
868 2610 1027 2684 creditore
1053 2610 1164 2684 nostro
1179 2612 1254 2683 Deo
1276 2630 1450 2705 petemus,
1471 2607 1496 2683 sr
1519 2592 1669 2683 difficiles
1687 2608 1788 2685 srmuo
1803 2612 1867 2683 mi-

491 2730 558 2792 nae',
569 2709 705 2801 alicujus
728 2729 788 2783 aut
806 2710 930 2783 denarii
945 2713 1085 2806 gratim
1107 2710 1286 2795 fratribus,
1307 2711 1425 2783 nostris
1447 2710 1550 2785 facere
1562 2710 1582 2781 ‚²
1604 2712 1801 2784 Videndum
1822 2736 1864 2784 ne

491 2836 552 2905 pro
575 2810 805 2885 benedictione
822 2811 1088 2885 maledietionern
1114 2811 1212 2885 nobie
1232 2811 1439 2885 accersamus.
1492 2814 1576 2895 Non
1592 2813 1717 2907 patitur
1732 2810 1796 2884 fibi
1817 2813 1866 2885 lu-

384 2932 390 2937 ·
492 2912 553 2983 dos
570 2909 643 2984 fieri
655 2913 784 2987 Divina
799 2912 965 3005 Maiestas.
990 2914 1076 2986 Mat.
1090 2910 1152 2987 ¹vr:
1171 2936 1228 3008 ¹4·
1247 2936 1302 3005 15.
1321 2936 1457 2989 xv111:
1475 2932 1532 3007 35.
1562 2914 1623 2987 IV.
1650 2912 1790 2987 Accedat
1807 2913 1866 2985 de·

490 3016 595 3109 nique
619 3012 808 3107 pmtellatio
833 3013 906 3086 serii
928 3010 1112 3109 propofiti,
1134 3014 1175 3086 de
1196 3037 1329 3109 peccato
1354 3014 1448 3087 omni
1471 3034 1669 3109 crematque
1693 3014 1866 3111 diligentia

490 3114 641 3187 vitando.
666 3116 769 3189 Siniti
784 3116 886 3192 Elihu
903 3114 982 3212 Job:
1002 3126 1133 3189 xxxrvr
1157 3135 1215 3207 32.
1252 3124 1475 3211 preterquam
1497 3120 1583 3211 quod
1601 3118 1716 3196 video,
1732 3136 1773 3189 tu
1790 3120 1865 3189 doce

431 3246 436 3254 ’
490 3238 564 3291 mc:
580 3214 838 3311 ftiniqrritatem
851 3234 1004 3311 operatus
1016 3214 1109 3304 stem,
1127 3242 1187 3292 non
1200 3236 1346 3313 pergam.
1374 3216 1482 3310 Atque
1499 3214 1650 3291 universa
1664 3214 1866 3289 adeoFccle-

491 3311 539 3387 lia
554 3311 604 3387 Ps.
618 3334 722 3387 cxxx:
740 3335 796 3401 19.
824 3319 908 3389 Non
923 3321 1158 3393 retrocedemru
1176 3315 1197 3389 cl
1217 3336 1276 3391 ter
1296 3315 1445 3405 carmena
1461 3340 1519 3391 nos
1539 3322 1574 3391 in
1591 3322 1675 3391 vito.
1721 3319 1864 3391 Certum

492 3415 584 3486 enim
603 3412 650 3487 est
664 3415 778 3491 Deum
798 3411 1049 3510 promillionem
1067 3418 1177 3493 veniae
1196 3413 1383 3497 annexuisse
1406 3416 1610 3511 stipulationi
1629 3414 1763 3493 sincerae
1787 3415 1864 3493 rell·

496 3514 675 3611 piscenrim
695 3514 758 3612 Jes.
781 3540 813 3593 1:
836 3529 894 3591 16.
917 3540 975 3611 17.
999 3531 1057 3604 18.
1074 3540 1131 3593 nv:
1150 3540 1184 3613 7.
1294 3527 1295 3533 ‘
1350 3582 1359 3603 ,

327 3620 437 3693 mvl
544 3616 747 3691 XXXVI.
788 3618 866 3693 Hoc
888 3618 1020 3705 modo,
1042 3619 1106 3691 hoc
1122 3621 1235 3691 unimo
1252 3616 1277 3691 si
1297 3644 1502 3713 precemur,
1538 3616 1794 3715 exspectandum
1816 3617 1863 3693 est

304 3681 472 3812 simii
491 3736 531 3791 ut
561 3717 682 3792 viscera
711 3719 814 3792 Patris
838 3720 943 3793 nostri
968 3718 1107 3793 coelestis
1128 3723 1184 3814 pia
1208 3720 1434 3797 commotione
1461 3722 1627 3815 strepantr
1658 3720 1793 3816 ipseque
1826 3721 1862 3793 in

306 3828 355 3868 ⁸⁸⁸·
491 3819 602 3891 media
621 3844 681 3891 nos
711 3824 862 3894 oratione
879 3816 1064 3893 suaviffime
1081 3822 1291 3915 interpellans
1315 3820 1403 3895 dicat
1422 3849 1431 3892 :
1453 3819 1569 3915 surge,
1591 3820 1685 3909 Fili,
1714 3820 1861 3915 absterge

440 3937 444 3945 ·
491 3919 674 4012 lachrymas
700 3968 712 4006 ,
740 3917 850 3994 desrne
866 3921 1052 4015 gemitum,
1081 3920 1209 3995 remissa
1221 3919 1297 3993 sunt
1315 3921 1375 3995 tibi
1391 3922 1504 3998 debita
1522 3942 1600 4007 tua,
1620 3920 1734 3997 aversa
1751 3920 1799 3993 est
1814 3924 1863 3993 ira

489 4046 594 4113 rneu„
620 4020 837 4115 redintegrata
855 4022 1000 4093 amicitia
1017 4050 1027 4092 t
1054 4048 1097 4095 en
1117 4024 1293 4108 dextram,
1319 4025 1439 4117 pignus
1469 4022 1592 4095 favoris
1613 4025 1680 4099 mei
1699 4051 1711 4102 ;
1749 4046 1860 4116 appre-

488 4120 628 4208 hendito
645 4145 720 4193 eam
742 4120 809 4193 fide
829 4142 928 4217 atque
946 4146 1083 4197 amore:
1109 4124 1254 4197 accedito
1276 4124 1436 4219 propius,
1455 4124 1497 4195 ad
1517 4124 1707 4217 amplexum
1724 4125 1756 4195 u
1771 4120 1860 4197 oscu-

486 4222 549 4292 la:
576 4239 617 4293 tu
636 4220 734 4295 tibia
754 4224 852 4294 novis
875 4217 1008 4297 offensu
1029 4222 1153 4303 solicite
1176 4242 1317 4301 caveto:
1344 4250 1404 4319 ego
1426 4248 1597 4319 nunquam
1621 4220 1860 4299 intermorituri
1974 4248 1979 4253 ·

488 4322 609 4393 amoris
632 4322 854 4397 aeternitatem
875 4325 1043 4418 polliceor.
1072 4327 1108 4397 Ο
1127 4326 1230 4399 uerba
1246 4325 1340 4402 omui
1357 4325 1455 4399 melle
1471 4326 1643 4411 dulciora,
1663 4326 1757 4405 omni
1776 4348 1858 4395 auro

397 4452 401 4459 ·
488 4429 636 4509 mriora,
657 4422 814 4502 oumibtu
826 4427 965 4522 gernmie
986 4424 1205 4523 pretiosiora!
1233 4424 1361 4507 Chr-isle
1376 4426 1478 4525 Jesu,
1498 4428 1667 4505 advocate
1684 4424 1796 4501 noster
1811 4440 1861 4495 at-

936 4545 940 4555 .
1796 4548 1859 4625 que
