4150 5150
514 449 568 525 De
583 451 756 530 Orationis
767 451 941 544 Utssitare,
964 448 1224 531 &Necessitate
1267 483 1272 490 ’
1505 467 1557 559 33'
1621 469 1627 474 ’

184 601 241 679 nist
262 602 463 700 petentibus.
521 613 606 684 Non
625 610 803 691 obtinetis,
827 611 938 707 inquit
960 608 1103 707 Jacobus
1122 613 1207 706 Cap.
1234 629 1289 685 rv.
1312 627 1346 686 2.
1380 627 1558 711 propterea

183 711 263 804 quod
279 733 339 780 non
350 715 481 805 petitis.
521 712 566 784 Et
582 711 728 808 profesio
750 705 844 786 facile
865 711 938 812 satir
953 712 1167 801 obtinemus,
1192 737 1269 808 quac
1288 709 1450 805 suspiriis,
1469 715 1556 786 votis

183 833 218 880 ec
237 807 390 902 precibus
411 811 648 888 nanciscimur:
666 814 748 908 quid
763 815 853 888 enim
876 813 940 888 hoc
957 815 1048 888 aliud
1063 814 1129 902 est,
1141 811 1260 908 nifi'os
1282 814 1432 908 aperire,
1451 837 1491 887 ut
1507 814 1555 887 sa·

182 914 358 982 tutemus?
968 956 972 966 ·
1181 913 1185 919 ’
1331 917 1339 932 ’
1804 939 1814 946 ·

227 1011 341 1086 ΧΙΧ.
367 1012 414 1084 At
427 1013 545 1110 quibua
557 1015 693 1090 tandem
709 1016 870 1092 incumbit
884 1021 997 1090 orattdi
1008 1013 1405 1111 officiam?,Confidenter
1422 1013 1554 1112 respon·
1566 1045 1630 1096 m.
1649 1045 1721 1158 po..
1764 1107 1767 1114 .

184 1111 329 1186 dendum
346 1112 414 1199 est,
431 1115 574 1189 omnibu
589 1123 713 1192 omnino
730 1118 925 1194 bominibus.
966 1118 1022 1192 Est
1038 1119 1129 1192 enim
1147 1143 1220 1211 pars
1234 1120 1353 1191 Divini
1370 1119 1500 1205 cultus,
1520 1120 1621 1190 &¹9¹⁸
1633 1125 1650 1160 ⁰
1679 1139 1690 1150 ·
1710 1176 1717 1188 .
1807 1142 1809 1145 ·

183 1215 318 1306 quidem
338 1216 514 1302 naturalis,
531 1219 623 1309 cujus
640 1220 831 1313 aequitatem
847 1221 879 1292 &
896 1218 1118 1292 neceffitatem
1136 1221 1221 1313 ipsos
1235 1220 1376 1339 gentiles
1390 1219 1553 1292 oonstien-
1566 1191 1732 1294 iiiiii

183 1317 225 1387 tia
238 1317 348 1388 docet.
373 1318 507 1441 Egregie
522 1320 611 1413 apud
623 1323 792 1394 Platonem
804 1325 958 1404 ‘limeum
981 1313 1103 1396 ’nane
1113 1321 1192 1396 rire
1208 1306 1288 1414 inyr
1306 1303 1429 1402 airam
1440 1304 1554 1426 ioanni,
1568 1309 1608 1429 {³¹
1618 1311 1733 1362 immi·

183 1411 282 1490 aava
300 1412 410 1536 &paxu
428 1413 645 1518 cooperiret
658 1399 861 1516 pertineto,
877 1417 934 1520 ini
946 1403 1045 1515 alan
1061 1415 1143 1528 ipuir
1156 1420 1216 1495 aa>
1227 1421 1355 1517 σμικρέ
1370 1419 1432 1493 καὶ
1443 1449 1506 1518 με)
1516 1432 1557 1498 a·
1589 1393 1628 1430 ω’

183 1531 227 1595 ne
245 1516 481 1626 upuppae&
494 1509 574 1592 otiu
591 1517 647 1594 alei
660 1525 713 1597 aa
728 1525 888 1598 nautea·
902 1529 1015 1596 Omnes
1029 1529 1087 1618 qui
1104 1527 1224 1594 mentis
1236 1545 1362 1618 quoquo
1375 1529 1465 1595 molo
1478 1550 1561 1596 carn-

180 1638 273 1718 pates
286 1619 385 1707 lunt,
404 1623 439 1690 in
452 1624 558 1715 operis
573 1620 768 1716 cujuslibet,
788 1623 977 1722 utipanti,
995 1619 1052 1695 uel
1068 1627 1192 1718 magni,
1203 1627 1392 1720 principio,
1408 1627 1560 1696 invocare

185 1725 298 1794 Deum
313 1718 433 1808 solent,
484 1719 536 1796 Ex
578 1723 700 1795 latanis
718 1721 845 1816 scriptis
858 1739 970 1819 patet,
991 1745 1071 1796 vere
1088 1719 1202 1796 dixisse
1218 1727 1407 1796 Maximum
1421 1725 1560 1820 Tyrium

186 1817 328 1914 Differt.
344 1842 425 1891 ω.
452 1804 504 1894 Ηήν
521 1742 648 1912 igi&
661 1803 838 1923 Eunpaieee
854 1817 958 1919 uteie
971 1816 1080 1914 εὗχῆς,
1093 1843 1197 1898 tatem
1213 1827 1355 1896 Socratis
1373 1831 1479 1897 vitam
1491 1828 1562 1920 ple·
1674 1863 1682 1874 ·

184 1947 255 1994 riom
269 1925 495 2016 precationum
508 1919 614 2014 fuiffe.
643 1923 746 2018 quue
764 1941 922 2018 tanquam
939 1923 1123 1997 universale
1138 1920 1291 1998 officium
1302 1919 1459 1998 onnibirs
1476 1950 1563 2019 prae-

185 2019 296 2096 scribit
307 2021 422 2094 Plato:
440 2011 524 2095 'Arri
542 2023 630 2096 Θεῶν
644 2027 710 2131 xpi
729 2007 846 2098 adara
862 2017 1041 2121 aipxa'perar'
1058 2022 1110 2098 aiei
1126 2013 1239 2120 >ripen
1255 2051 1291 2098 tt
1302 2025 1363 2098 rani
1380 2022 1476 2106 ratim
1498 2052 1579 2119 om,

185 2123 332 2199 triburin
351 2121 446 2197 rebus
457 2121 682 2211 fiae'aiceaots
697 2123 768 2216 five
782 2130 961 2219 cogitandis
975 2176 983 2199 .
999 2125 1125 2223 semper
1144 2129 1345 2222 principium
1364 2124 1387 2197 l
1411 2130 1494 2201 Diis
1507 2123 1565 2219 fu·

186 2229 335 2298 urendum
354 2219 411 2304 eil.
452 2225 630 2321 Xeneplron
647 2249 727 2300 voro
750 2221 884 2318 publice
902 2221 1001 2300 etinm
1021 2226 1057 2297 in
1075 2225 1223 2298 Ciuitate
1240 2224 1408 2298 observari
1430 2227 1507 2300 vult
1523 2228 1565 2298 de

188 2327 335 2400 Ration-
346 2325 426 2397 nel.
440 2327 476 2396 in
486 2321 567 2423 fine.
594 2322 683 2410 Ubi,
698 2349 805 2421 quum
822 2326 974 2421 quaedam
989 2326 1202 2399 instituendae
1217 2327 1477 2422 ordinandaeque
1488 2327 1567 2401 Rei-

188 2426 335 2521 publicae
358 2420 493 2496 consilia
516 2423 728 2518 praenosset,
748 2427 766 2496 i
782 2425 933 2499 Deorum
950 2427 1184 2502 benevolentia
1201 2427 1402 2500 consrlianda
1419 2430 1566 2500 maxime

116 2596 118 2605 t
188 2529 325 2602 initium
348 2527 543 2619 capiendum
559 2553 697 2601 monens
712 2578 723 2615 ,
737 2527 889 2601 rationen
901 2527 1035 2621 adjicit:
1055 2520 1114 2603 cir
1127 2521 1199 2652 peip
1214 2523 1291 2626 Θεῷ
1307 2511 1565 2636 capurtapirr'ear

117 2684 118 2687 ,
188 2624 268 2712 riuis
284 2626 345 2701 nai
356 2620 419 2709 tole
428 2606 568 2735 πράξεις
579 2605 722 2735 aperitur
735 2628 852 2729 inimi
860 2632 940 2733 λαῷ
954 2658 983 2703 ar
997 2612 1125 2723 ἔμεινεν
1140 2632 1195 2702 oio
1213 2630 1253 2723 τῇ
1267 2626 1368 2703 πόλει
1381 2654 1389 2703 :
1404 2656 1477 2703 nam
1495 2653 1565 2727 que

187 2755 238 2804 rer
252 2734 384 2804 numine
392 2733 541 2825 propltio
548 2728 791 2827 suscipiuntur,
807 2755 861 2803 aas
873 2730 998 2829 semper
1015 2731 1131 2803 melius
1138 2729 1339 2825 feliciusque
1350 2734 1488 2803 civitati
1501 2730 1565 2818 ces-

181 2831 276 2921 suras
302 2826 384 2921 effe,
404 2826 640 2916 consentaneum
657 2828 719 2913 est.
756 2830 823 2903 Cui
847 2828 1035 2905 consonum
1054 2829 1100 2902 est
1117 2830 1224 2903 Plinii
1241 2830 1326 2901 illud
1343 2830 1378 2903 in
1394 2836 1494 2919 initio
1514 2830 1564 2901 sui

187 2934 385 3029 Panegyrici
401 2958 422 3025 .·¹
434 2934 520 3003 Bene
539 2954 576 3001 ae
591 2930 755 3025 sapienter
774 2934 912 3023 majores
924 2932 1157 3015 inliituerunt,
1176 2952 1215 3003 ut
1235 2956 1345 3005 rerum
1360 2936 1563 3026 agendarum,

187 3038 238 3107 ita
261 3033 390 3105 dicendi
409 3034 544 3104 initium
564 3026 585 3100 ἆ
602 3031 844 3126 precationibus
869 3052 1073 3130 caperetur:
1097 3034 1182 3127 quad
1202 3033 1287 3104 nihil
1305 3036 1393 3115 rite,
1416 3032 1565 3128 nihilque

183 3136 403 3230 providentur
416 3132 558 3205 homines
571 3129 639 3223 line
654 3136 803 3206 Deorum
817 3135 1055 3208 immortalium
1066 3150 1147 3228 ope,
1164 3130 1314 3223 confina,
1330 3152 1431 3232 arque
1448 3134 1566 3205 honore

185 3235 445 3331 auspicarentur.

237 3335 330 3409 XX.
357 3334 527 3408 Caeterum
547 3339 699 3429 quamvis
716 3330 872 3408 omnibus
896 3335 1035 3409 omnino
1057 3319 1249 3409 hominibirs
1272 3332 1446 3407 incumbat
1468 3346 1706 3421 oran-¹1·Q0

187 3438 221 3511 di
240 3432 419 3516 officiumt
439 3462 539 3509 nemo
553 3454 666 3509 tamen
688 3464 728 3510 eo
742 3440 828 3509 telle
846 3436 981 3530 defungi
996 3436 1122 3529 potest,
1143 3434 1204 3507 nist
1223 3438 1326 3508 homo
1346 3432 1451 3508 fidelia
1463 3456 1564 3529 atque
1575 3424 1734 3528 ζῗξξζέξξ,

185 3540 383 3637 regenitus,
399 3537 538 3613 uuoore
556 3562 593 3611 ac
611 3540 747 3613 doctore
764 3537 889 3631 Spiritu
908 3540 1028 3610 Sancto
1051 3563 1061 3607 z
1079 3538 1137 3632 qui
1151 3535 1236 3609 solus
1246 3560 1356 3630 preces
1369 3538 1445 3609 Deo
1459 3556 1563 3630 patos
1576 3544 1707 3623 firmitur,

185 3640 223 3713 in
245 3640 367 3714 animis
384 3636 519 3713 suorum
540 3635 670 3712 format.
724 3640 798 3712 Nec
816 3656 927 3729 tamen
945 3638 1142 3731 ,impotentia
1154 3640 1240 3710 reae
1260 3636 1376 3710 orandi
1394 3639 1430 3709 in
1447 3640 1564 3732 irrege-
1575 3618 1751 3747 ζζζὲηὲᾙ

188 3745 273 3815 nitis
290 3740 382 3815 tollit
399 3764 515 3813 eorum
533 3738 775 3836 obligationem
787 3740 830 3811 ad
843 3764 977 3834 preces:
996 3740 1070 3811 haec
1085 3740 1177 3811 enim
1192 3738 1352 3833 obligatio
1367 3737 1442 3811 fluit
1458 3764 1569 3811 exna-

187 3842 295 3920 turali
309 3839 576 3915 subordinatione
595 3842 738 3915 hominis
751 3840 812 3913 sub
829 3842 916 3915 Deo.
954 3842 1076 3936 Neque
1089 3840 1211 3915 idcirco
1226 3838 1426 3914 censendum
1440 3840 1499 3926 est,
1509 3838 1571 3912 ob-

187 3946 290 4041 ligari
305 3942 390 4039 ipsos
407 3943 451 4017 ad
468 3943 673 4039 peccandum
691 3944 727 4015 in
745 3942 811 4015 suis
828 3940 1050 4016 orationibus.
1093 3942 1185 4015 Nam
1204 3966 1271 4039 qua
1290 3942 1361 4037 lege
1379 3940 1571 4037 obligantur

188 4048 235 4120 ad
248 4044 471 4142 precandum
487 4044 601 4117 eadem
617 4046 687 4140 lege
703 4040 894 4139 obligantur
912 4044 955 4115 ad
971 4042 1059 4115 bene
1074 4044 1288 4138 precandum.
1315 4044 1349 4117 Si
1366 4044 1403 4115 io
1415 4068 1486 4116 non
1498 4040 1571 4137 pos·

188 4146 284 4232 fine,
301 4148 365 4219 hoc
383 4145 532 4243 ipsorum
545 4146 630 4219 vitio
648 4144 702 4218 est.
736 4146 782 4218 Et
794 4144 891 4219 satiru
912 4144 1019 4218 adhuc
1036 4162 1168 4232 manet,
1187 4165 1225 4218 ut
1241 4145 1409 4239 irregeniti
1428 4168 1572 4239 quomo·

191 4250 378 4344 docunque
395 4266 518 4336 orent,
535 4270 577 4321 ex
593 4246 735 4323 neutrali
753 4244 844 4319 sensu
861 4246 928 4319 sune
945 4246 1139 4342 indigentiae
1164 4296 1177 4334 ,
1197 4248 1376 4321 &Divinre
1388 4244 1571 4341 Majestatir

192 4376 236 4425 ac
251 4350 410 4423 Bonitatis
425 4351 615 4445 agnitione,
630 4372 731 4445 quarn
744 4367 783 4420 nt
797 4346 926 4443 prorsus
939 4370 1011 4423 non
1026 4368 1133 4422 orent
1158 4348 1261 4439 Quod
1276 4349 1366 4421 enim
1378 4364 1494 4434 orant,
1507 4340 1575 4419 hoc'

192 4454 358 4527 mennas
373 4452 448 4527 Deo
468 4476 538 4527 non
556 4448 727 4547 displicet:
745 4448 822 4522 licet
839 4452 873 4523 id
886 4450 977 4545 quod
989 4451 1134 4551 orationi
1148 4451 1295 4524 adhaeret
1310 4453 1435 4530 vitium
1448 4449 1571 4523 merito

188 4552 422 4650 improbetur.
454 4552 546 4627 Vide
566 4553 719 4652 exempla
735 4550 864 4631 Achabi
879 4554 991 4651 rReg:
1006 4574 1090 4628 xxr:
1104 4570 1163 4649 27.
1176 4550 1286 4650 &seor
1300 4550 1574 4629 &Ninivitarum

248 4768 255 4775 ι
351 4660 447 4740 orat.
467 4659 568 4735 Dum.
625 4754 628 4759 Ι
818 4774 819 4777 Ἴ
1016 4653 1047 4727 E
1495 4653 1579 4750 June
