4150 5150
177 489 180 497 ¹
472 395 546 489 148
664 422 667 430 ·
1026 385 1230 489 miserato
1268 367 1356 478 rr

359 583 367 592 ·
469 523 715 662 mirmidonas.
728 527 843 665 pippis
859 541 992 666 iteruri!
1006 537 1045 620 ri
1060 551 1116 634 itit
1133 541 1267 642 φύσεως
1286 539 1507 645 spriritum
1525 538 1604 640 ὀφῆν
1621 535 1781 666 &tactis
1804 541 1853 646 τῷ

472 663 604 747 superq)
626 669 696 725 eu,
710 673 866 755 upuppae
878 675 1006 754 perpure
1027 641 1307 761 sagiensesque,
1329 644 1356 722 ir
1377 639 1497 747 erpirr
1520 641 1665 766 repperiet
1690 639 1853 731 βλεπεις.

475 740 649 831 Definite·
670 743 866 823 dbominrs,
883 755 973 824 ritca
996 775 1050 822 res
1068 774 1170 821 vanas
1191 747 1428 846 cupiditatibus
1453 745 1587 838 diffunde
1622 771 1660 816 ac
1683 744 1853 828 distineri:
1970 769 1972 816 t

439 849 444 860 “
474 839 608 932 definite
626 843 773 920 laborum
788 849 943 940 aversus
969 848 1303 946 nosmetipsosrauffirs
1321 851 1358 921 dc
1371 854 1528 922 materias
1541 846 1746 942 accumulare
1757 873 1769 918 ε
1781 850 1856 920 etti·

467 961 571 1034 ΚΜ)
587 941 631 1026 est
643 951 729 1041 quod
739 966 863 1022 nature
880 947 996 1023 debes:
1023 949 1130 1024 cibum
1142 949 1234 1024 debes
1253 951 1428 1024 caruncula
1453 970 1516 1021 true
1542 973 1613 1020 rem
1632 948 1676 1020 o*
1694 950 1855 1019 modicam

472 1043 800 1137 &torrefactum
813 1048 844 1140 fi
857 1047 946 1139 usum
963 1052 1007 1126 ti*
1022 1052 1235 1148 neceffitatem
1250 1051 1383 1147 spesits.
1438 1051 1577 1124 Omitto
1586 1047 1649 1120 alia
1655 1096 1670 1134 ‚
1695 1071 1776 1142 quae
1797 1047 1855 1142 qui

304 1206 309 1214 .
384 1219 388 1225 ,
471 1138 633 1216 desiderat
655 1149 744 1241 apud
764 1155 932 1224 Suicerum
952 1152 1104 1238 invenire
1116 1151 1235 1246 potest.
1340 1205 1343 1210 a
1740 1203 1748 1209 -

521 1243 682 1320 XXXI.
709 1250 1059 1327 Enimvero‘rnultum
1075 1252 1117 1324 ad
1138 1277 1251 1326 veram
1273 1251 1376 1325 animi
1393 1250 1665 1348 tranquillitatem
1687 1245 1849 1341 profecit,
1969 1301 1972 1320 .

473 1344 532 1436 qui
552 1342 773 1441 frugalitatem
791 1352 916 1426 didicit.
966 1353 1022 1438 Eu
1043 1360 1126 1428 euim
1154 1353 1285 1450 qundus
1306 1377 1437 1450 magnius
1450 1359 1565 1450 pietus¹
1582 1377 1653 1425 cum
1674 1354 1782 1422 ammo
1794 1348 1854 1439 suu

467 1444 560 1534 sorte
585 1469 745 1526 contento.
782 1457 891 1529 Nihil
917 1459 1004 1530 euim
1026 1456 1200 1531 intulimus
1219 1460 1254 1528 iu
1277 1460 1452 1528 muudum,
1475 1453 1632 1526 uidelicet
1655 1475 1712 1522 nec
1734 1445 1854 1541 efferre

472 1550 651 1644 quidquam
661 1551 822 1648 possiumus
834 1605 845 1633 ‚
858 1555 916 1646 sed
928 1557 1081 1646 babentes
1096 1556 1273 1634 alimenta,
1293 1558 1335 1644 ά
1356 1553 1474 1654 quibus
1488 1548 1659 1652 regimur,
1679 1552 1743 1624 bec
1754 1548 1854 1624 uobis

470 1643 670 1735 irriserunt.
695 1677 710 1727 1
727 1655 808 1728 Tim
824 1680 886 1731 vt:
897 1669 929 1731 6.
944 1678 977 1752 7.
991 1670 1026 1744 8.
1062 1652 1210 1730 Hocfibi
1225 1656 1353 1728 dietum
1364 1655 1579 1728 meminerint
1594 1649 1856 1753 Christianiom-

473 1771 559 1835 nes,
583 1754 676 1847 quod
697 1754 851 1830 Hebraeis
870 1759 955 1830 olim
975 1759 1216 1852 dixitPaulus.
1241 1755 1329 1832 Heia
1346 1780 1457 1832 x111=
1476 1779 1509 1852 5.
1537 1761 1612 1828 Sim
1628 1777 1734 1828 mores
1752 1751 1852 1848 vuiti

472 1850 576 1924 alieni
594 1853 636 1928 ab
655 1862 831 1932 auaritia:
851 1857 949 1944 estote
968 1866 1113 1936 conteuti
1127 1858 1357 1956 presentibus:
1375 1862 1468 1930 dixit
1483 1861 1570 1930 euim
1586 1855 1651 1952 ipse
1660 1905 1674 1942 ‚
1697 1863 1802 1951 mque‘
1819 1874 1854 1926 te

473 1953 643 2027 omittam.
660 1979 762 2054 mque
778 1984 916 2058 unquam
932 1981 966 2033 ce
983 1961 1133 2050 deseram.
1173 1961 1276 2054 AEque
1290 1957 1489 2055 pauperibus
1505 1980 1657 2052 magnam
1679 1953 1852 2049 frugalitas

472 2055 746 2132 commoditatem
765 2059 891 2138 adfert,
916 2061 1135 2156 locupletibus
1156 2065 1262 2157 aeque.
1311 2061 1472 2155 Pauperar
1491 2061 1581 2132 enim
1607 2079 1713 2152 quum
1737 2056 1854 2130 multis

471 2173 630 2244 aream,
652 2157 775 2253 quibus
793 2163 875 2236 alios
898 2161 1065 2236 luxuriare
1085 2162 1359 2258 deprehendunt,
1380 2181 1454 2236 tum
1473 2161 1611 2234 demum
1631 2157 1716 2232 bene
1739 2155 1853 2230 beate-

471 2255 695 2348 querimur,
718 2257 743 2332 fi
760 2287 802 2335 ne
816 2259 997 2338 desiderent
1012 2265 1159 2359 quidem.
1222 2265 1330 2338 Modo
1348 2266 1387 2338 iis
1403 2263 1556 2340 contenti
1576 2257 1668 2342 lint,
1695 2285 1772 2358 quae
1790 2283 1852 2332 na·
1934 2338 1938 2348 ¹
1970 2299 1972 2304 ,

319 2437 323 2444 ,
433 2427 436 2431 ,
470 2371 546 2428 tura
567 2358 610 2430 ad
627 2350 967 2450 fuisnstentationem
984 2367 1109 2462 exigit,
1130 2369 1162 2441 tc
1181 2391 1259 2462 quae
1274 2369 1334 2440 vix
1351 2365 1399 2440 est
1417 2383 1456 2438 ut
1472 2366 1628 2460 cuiquam
1642 2363 1772 2436 Divina
1792 2385 1851 2434 ne-

359 2504 364 2509 ·
470 2472 527 2560 get
542 2461 773 2552 providentia,
792 2491 909 2562 regunt
930 2493 1064 2562 aequare
1083 2462 1216 2563 posunt
1235 2493 1314 2562 opes
1330 2467 1458 2541 animis.
1501 2467 1584 2540 Non
1598 2464 1709 2538 minus
1728 2467 1851 2560 jucun·

401 2630 407 2635 .
464 2557 590 2636 dusiis
614 2563 702 2652 erit,
727 2566 798 2641 imo
816 2596 898 2644 vero
920 2569 1091 2665 aliquanto
1108 2569 1307 2669 jucundior,
1331 2571 1363 2643 dt
1384 2567 1497 2657 cibus,
1517 2569 1548 2641 ἃ
1566 2564 1698 2639 somnus
1710 2618 1722 2655 ,
1746 2590 1848 2664 quam

472 2659 657 2737 delicatulis
677 2668 765 2755 illis,
787 2669 909 2766 quibus
930 2673 1022 2765 gulae
1040 2674 1250 2745 -irrieamenta
1273 2696 1315 2743 ex
1338 2672 1511 2766 peregrino
1531 2667 1721 2745 adfemntur
1740 2666 1848 2755 orbe,

470 2762 660 2861 quibusque
679 2769 771 2843 nulla
788 2774 832 2843 ad
848 2774 1024 2846 mollitiem
1042 2773 1206 2846 culcitella
1224 2768 1387 2845 satisfacit.
1423 2768 1614 2845 brevissima
1634 2772 1676 2852 ad
1693 2770 1848 2851 divitias,

470 2874 531 2957 per
548 2889 752 2949 contemtum
768 2873 980 2961 divitiarum,
1003 2874 1051 2946 est
1066 2877 1134 2971 viu.
1186 2874 1351 2969 Nihilque
1370 2874 1418 2947 est
1434 2898 1474 2946 eo
1499 2874 1685 2960 Stoicorum
1710 2872 1849 2968 parado-

376 3009 379 3022 ·
471 2988 518 3038 xo
535 2970 679 3044 certius.-
703 2982 892 3049 Comemum
901 2978 974 3068 fuis
992 2974 1052 3067 esse
1070 2974 1188 3058 rebus,
1208 2980 1349 3049 maxime
1362 2974 1438 3064 suot
1455 2978 1689 3071 certiffimeque
1704 2979 1846 3049 divitie.

472 3066 588 3142 Multa
605 3070 700 3167 super
719 3076 783 3150 hoc
802 3080 937 3171 negotio
949 3076 1226 3171 Philosophorum
1238 3074 1366 3150 curiosa
1381 3075 1560 3180 disputarit
1572 3074 1744 3149 subtilitas.
1770 3074 1846 3148 Nos

470 3192 508 3241 re
524 3169 595 3263 ipsa
609 3174 823 3265 praestemus,
845 3200 945 3273 atque
963 3179 1180 3271 experiamur.
1208 3181 1337 3273 Magno
1353 3181 1466 3272 potius
1484 3178 1620 3263 animo,
1634 3200 1845 3271 quam-mag-
1917 3188 1923 3199 '

472 3254 574 3343 nilico
594 3271 764 3365 sermone,
777 3304 857 3352 crim
874 3280 978 3352 Paulo
999 3273 1115 3353 nostro
1134 3282 1279 3356 dicentes
1307 3282 1417 3357 2C0r.
1439 3302 1568 3354 1v:10.
1607 3284 1657 3354 Ut
1676 3281 1761 3353 nibil
1784 3280 1844 3351 bu·

468 3369 605 3455 beuter,
619 3376 677 3463 sed
695 3384 801 3451 omnia
823 3378 1014 3455 obtinemus}
1053 3382 1165 3455 Sed&
1189 3380 1351 3456 divitibus
1369 3380 1426 3453 sua
1448 3406 1550 3475 quarn
1568 3380 1713 3453 inarime
1724 3378 1844 3475 prode·

468 3473 515 3547 rit
535 3474 577 3545 ad
599 3477 872 3570 tranquillitatem
889 3478 1062 3577 frugalitas
1067 3509 1081 3565 ς
1106 3482 1227 3577 quibus
1245 3485 1354 3557 omnis
1375 3481 1590 3555 abundantiae
1609 3480 1677 3555 fuae
1695 3480 1770 3555 usus
1787 3506 1845 3575 po·

319 3668 325 3675 .
373 3632 381 3641 .
466 3576 541 3663 rit.
563 3574 626 3649 nisi
643 3577 695 3661 'ab
720 3582 834 3656 auimo
858 3584 1041 3678 irnpetrent
1063 3609 1113 3656 res
1135 3582 1201 3659 fibi
1218 3584 1289 3657 snus
1308 3580 1510 3657 submittere.
1545 3585 1729 3671 Qtantilla
1753 3582 1844 3657 enim

468 3676 625 3771 voluptas
641 3678 707 3767 est,
730 3708 903 3778 nunquam
922 3684 1068 3778 jucunde
1091 3686 1185 3759 odere
1200 3684 1260 3759 nifr
1277 3686 1370 3780 gulae
1381 3684 1605 3779 responderint
1618 3684 1759 3758 omnia?
1781 3685 1845 3756 ira-

461 3775 507 3853 sci
525 3802 657 3866 torum,
676 3782 867 3879 indignari',·
883 3784 1041 3872 fremere,
1059 3784 1269 3859 ubifarnulus
1289 3806 1346 3861 aut
1370 3786 1489 3859 ancilla
1505 3788 1560 3861 vel
1573 3790 1752 3860 minimum
1764 3781 1840 3860 offi-

463 3879 519 3950 cio
538 3878 597 3955 suo
618 3881 810 3958 defuerint?
828 3888 944 3960 Certos
966 3884 1110 3980 habebat
1128 3886 1196 3961 dies
1214 3889 1272 3963 ille
1288 3888 1440 3985 magister
1460 3890 1642 3982 voluptatis
1658 3892 1840 3983 Epicurus,

461 3980 584 4073 quibui
608 3986 753 4080 maligne
773 3986 897 4061 farnem
922 3982 1164 4082 exstingueret:
1193 3990 1320 4065 visurus
1343 4016 1385 4064 an
1406 3990 1532 4085 aliqtdd
1546 3988 1662 4064 deesset
1680 4016 1723 4065 ex
1743 3991 1840 4083 plena

466 4084 500 4155 te
523 4082 750 4159 consummata
769 4090 940 4185 voluptate
963 4090 1018 4161 vei
1042 4092 1365 4183 quantummodo,
1387 4094 1420 4164 δι
1442 4117 1485 4163 nn
1505 4092 1646 4187 dignum
1663 4094 1754 4187 quod
1769 4092 1841 4187 quis

421 4277 429 4282 ·
464 4208 589 4279 magno
607 4185 720 4259 labore
737 4190 898 4282 pensaret.
923 4194 967 4266 Et
980 4190 1114 4285 quidem
1135 4192 1289 4285 gloriatur
1306 4218 1377 4268 non
1397 4210 1470 4267 roto
1488 4192 1548 4267 alfe
1564 4191 1594 4265 se
1612 4194 1709 4288 pasci.
1738 4194 1840 4269 Com·

419 4288 423 4293 ’
465 4288 617 4379 peritque
629 4288 665 4359 in
679 4289 738 4363 illo
755 4292 848 4368 vitiu
863 4302 936 4369 non
949 4290 1154 4367 latinitatem
1168 4294 1275 4368 sulum
1293 4294 1354 4369 else
1364 4348 1376 4384 ,
1396 4294 1450 4375 sed
1461 4297 1501 4387 ¹&
1519 4295 1741 4390 voluptatem.
1771 4296 1841 4368 Vo-

468 4386 631 4479 luptatem
654 4413 787 4482 autern,
812 4396 986 4469 nonitlam
1009 4394 1137 4491 leuem,
1164 4396 1377 4491 &fugarem
1400 4394 1582 4470 &subinde
1603 4395 1837 4484 reficiendam,

465 4484 521 4559 sed
543 4487 743 4568 stabilem&
760 4514 893 4572 certain.
930 4498 1015 4573 Non
1034 4497 1127 4589 eninr
1146 4496 1295 4591 jucunda
1311 4525 1363 4577 res
1383 4498 1431 4575 eli
1446 4522 1532 4598 aqua
1552 4524 1588 4575 ac
1602 4502 1756 4598 polenta,
1781 4518 1840 4571 aut

1697 4598 1840 4679 adnm

1676 4802 1701 4857 'i
