4150 5150
674 455 728 530 De
747 455 846 531 Statis
866 455 1004 532 Precum
1024 459 1141 534 Horis.
1531 471 1577 538 61

103 609 104 676 l
202 601 327 698 reuffit,
345 609 499 690 tertiata,
509 604 658 700 prtem,
674 633 809 690 nonam,
826 613 971 707 antiqui
988 607 1031 692 eli
1046 613 1228 706 cognitione
1238 609 1385 705 preditis
1396 627 1460 708 per
1472 627 1581 682 totum

103 737 104 746 ¹
203 729 278 780 orat
295 713 430 788 vitam·
452 713 526 780 dunt
545 730 604 804 per
617 729 731 807 preces
742 709 818 800 ficas
835 735 906 783 cunt
925 709 1118 790 Deolludet
1136 709 1271 800 oerfisrt‘.
1304 709 1395 784 Alter
1411 711 1579 790 Clemens,

202 812 318 881 audior
327 791 509 912 liutrigum
522 807 590 883 sive
600 810 861 892 constitutionum
868 809 1139 906 Apostolicorum,
1146 809 1225 884 Lib.
1234 834 1279 884 vr
1290 835 1320 884 1.
1333 819 1410 908 Cap.
1423 831 1512 884 nv]
1522 832 1537 882 1
1547 832 1580 884 1.

202 927 251 982 ter
268 911 417 1004 quotidie
428 935 518 981 orare
531 910 643 1000 jubet,
657 909 854 1005 praescriptis
869 911 969 983 etiam
977 913 1176 983 'orationum
1186 909 1356 996 formulis,
1370 935 1452 1006 quas
1464 935 1555 984 mane
1566 905 1594 992 ,'

203 1013 234 1084 da
250 1011 391 1106 vespere,
409 1015 451 1084 si
463 1008 510 1083 s'n
522 1005 628 1114 cipitur
644 1017 685 1086 ari
693 1017 863 1110 prandium
878 1012 960 1083 cirea
974 1013 1148 1084 meridiem
1158 1013 1377 1084 recitativult.
1420 1009 1581 1082 Eusebius

111 1205 117 1212 ι
204 1110 417 1184 Constantini
432 1111 589 1204 pietatem
607 1089 672 1184 ltoc
683 1137 815 1206 quoque
831 1113 970 1184 nomine
988 1113 1125 1198 laudat,
1146 1113 1237 1207 quod
1255 1119 1289 1186 in
1307 1116 1436 1186 intimis
1453 1114 1579 1208 palatii

103 1299 105 1310 Ι
198 1211 252 1306 stri
267 1211 494 1310 penetralibus
513 1217 660 1308 quotidie
668 1213 735 1301 [ab
752 1225 1013 1288 srsrss'sroms
1027 1216 1211 1320 tulmen,
1226 1218 1363 1287 renatis
1376 1211 1519 1289 ,arbitris
1526 1209 1580 1299 so·

103 1335 105 1358 ¹
201 1313 253 1388 ius
279 1339 350 1386 cum
373 1314 439 1400 [olo
464 1313 702 1409 colloquebatur
722 1317 822 1388 Deo:
851 1315 895 1388 <a
912 1320 946 1386 in
960 1339 1068 1410 genua
1080 1315 1277 1410 provolutus
1301 1339 1340 1386 ea
1359 1311 1479 1411 quibus
1498 1331 1579 1406 opus

103 1455 105 1484 i
201 1415 339 1488 baberet
353 1413 493 1508 supplici
509 1433 603 1508 prece
621 1411 815 1508 postulabat.
836 1417 976 1488 DtVit.
994 1413 1097 1497 Consi.
1114 1413 1191 1488 Lib.
1210 1422 1355 1512 sv.Cap.
1370 1437 1479 1488 xxrr.
1507 1409 1579 1485 Ubi

103 1521 106 1678 Ι
201 1513 301 1588 status
319 1513 454 1607 quidem
472 1513 566 1585 horas
586 1533 773 1587 memorat:
791 1533 911 1588 utnon
930 1511 1067 1601 definit,
1083 1541 1174 1609 quas.

103 1679 105 1706 q
252 1615 352 1688 XII.
380 1615 450 1704 Qui
467 1616 564 1686 horas
582 1613 766 1702 deliniunt²
784 1617 933 1711 plerique
947 1617 984 1688 in
997 1616 1057 1689 illa
1068 1615 1263 1688 definitione
1279 1633 1438 1710 quaerunt
1455 1611 1573 1708 myste
1588 1635 1644 1709 κιρ.
1663 1632 1738 1710 qoe-

103 1735 105 1848 ρ
201 1715 302 1790 rium.
338 1715 439 1804 Quod
458 1715 476 1786 ὲ
495 1713 628 1788 diversrs
648 1714 865 1790 diversimode
884 1719 1073 1812 exponitur.
1104 1723 1303 1813 cypriacus,
1322 1718 1360 1788 in
1376 1715 1575 1814 expofitione
1588 1697 1755 1816 ffssjffl

103 1825 122 1896 ι’
203 1823 372 1894 Oratioms
386 1821 586 1900 Domitian,
605 1819 642 1890 in
652 1819 734 1912 hora
743 1821 840 1892 tertia
848 1870 860 1906 ‚
881 1818 987 1904 sexta,
1001 1843 1092 1900 nona
1107 1819 1240 1892 invenit
1248 1811 1483 1907 sacramentum
1497 1816 1571 1888 Tri·
1586 1832 1748 1910 termento

103 1911 106 2078 ι
202 1923 344 1999 uitatis,
365 1915 615 2015 qun'nooiffimis
634 1919 832 2012 temporibus
846 1919 1049 2012 manifestari
1065 1917 1217 1993 babebat.
1252 1921 1349 1992 Nam
1364 1924 1475 2016 prima
1493 1919 1575 1989 bora
1586 1901 1723 1970 ΨΜ*

103 2091 105 2120 Ι
190 2023 237 2094 ¹in
254 2024 391 2092 tertiam
409 2023 562 2098 veniens,
581 2019 827 2108 consummatum
847 2045 1014 2094 numerum
1029 2022 1207 2093 Trinitatis
1228 2016 1374 2101 ostendit.
1426 2021 1577 2114 Itemque

103 2175 104 2178 ,
202 2125 244 2193 ud
264 2119 394 2209 sextam
421 2139 540 2214 quarta
564 2123 767 2215 procedens,
793 2123 937 2194 declarat
960 2123 1100 2194 alteram
1122 2121 1336 2194 Trinitatem.
1383 2123 1431 2195 Et
1451 2114 1579 2214 quando
1627 2166 1631 2172 ·

201 2218 378 2316 iseptima
398 2245 479 2292 uorsa
501 2222 700 2316 completur,
717 2241 776 2318 ptr
796 2243 905 2294 ternus
924 2221 1018 2294 boras
1041 2222 1191 2296 Trinitas
1209 2217 1356 2316 perfetio
1376 2241 1579 2292 numeratur.

103 2403 105 2424 Ι
202 2320 337 2412 Qubus
356 2319 633 2414 speculationibus
651 2371 663 2408 ,
685 2321 868 2394 admodum
887 2317 1108 2409 sublimibus,
1131 2320 1213 2416 'quid
1234 2317 1413 2415 significare
1432 2317 1579 2392 voluerit

103 2475 104 2484 η
202 2417 266 2496 Vir
279 2425 436 2508 Sentius,
451 2417 587 2494 difficile
606 2423 772 2516 explicatu
791 2423 847 2496 est.
878 2423 987 2496 Sed&
1005 2423 1097 2494 uliud
1113 2421 1354 2494 sacrunentum
1370 2419 1523 2494 observat
1541 2419 1579 2492 iu

103 2547 105 2587 ῑ
202 2520 331 2601 littoris
343 2527 375 2599 ἃ
389 2523 543 2617 legitimis
556 2524 620 2597 illis
633 2523 792 2598 serviendi
804 2523 1024 2620 temporibus.
1051 2525 1112 2599 Eos
1128 2521 1326 2619 subjungens
1338 2525 1483 2597 rationes
1494 2545 1576 2617 quas

104 2682 105 2687 η
200 2624 273 2701 suus
292 2652 425 2722 quoque
443 2626 594 2721 deinceps
612 2624 944 2723 fecitHieronymus.
965 2632 1000 2699 in
1023 2631 1110 2700 Dan.
1127 2633 1187 2704 u1'.
1217 2626 1299 2699 Trio
1312 2682 1324 2707 ,
1338 2626 1470 2719 inquit,
1491 2644 1579 2697 tem·

195 2747 281 2825 pora
294 2728 391 2817 fiant,
412 2725 532 2825 quibus
554 2724 715 2819 tenenda
734 2734 808 2803 Deo
829 2728 906 2817 sunt
918 2751 1050 2827 genua:
1071 2733 1227 2811 tertiam,
1237 2726 1389 2816 sextam,
1407 2729 1450 2801 (t.
1464 2748 1580 2797 nonam

198 2825 422 2920 Ettlefialiica
435 2832 572 2901 traditio
590 2830 756 2924 intellr'git.
784 2834 880 2903 Hora
892 2835 996 2903 tertia
1007 2828 1164 2919 descendit
1178 2832 1323 2924 Spiritus
1333 2835 1373 2925 (S.
1384 2826 1584 2935 bsperApo·

192 2927 296 3015 ssolos
309 2956 319 3001 :
333 2928 432 3019 st’xta
445 2929 556 3001 volens
570 2934 691 3002 Petrus
707 2932 872 3003 comedere
888 2933 930 3002 acl
947 2935 1135 3005 Orationem
1149 2928 1362 3018 adprendit't'n
1378 2928 1580 2999 termulum.

198 3031 306 3107 Nona
318 3037 442 3103 Petrus
459 3030 502 3103 (a
518 3029 690 3122 Jobannes
708 3028 883 3129 pergebant
898 3034 945 3103 im
959 3031 1126 3125 templum.
1159 3029 1249 3101 Alias
1262 3028 1405 3101 rationes
1420 3024 1583 3121 Augurii·

198 3156 261 3205 uus
282 3131 414 3218 reddit,
437 3132 473 3202 in
497 3138 643 3207 Sentent.
671 3136 781 3205 Num.
800 3150 886 3222 203.
915 3132 1039 3224 Vigor,
1060 3131 1131 3217 ait,
1148 3128 1232 3219 fidei
1258 3128 1442 3211 Christiane
1469 3126 1584 3202 tribus
1611 3195 1615 3208 ,

199 3230 401 3329 temporibus
418 3234 597 3305 initiatur:
616 3230 767 3328 respuere,
789 3256 905 3312 mane,
926 3236 1076 3304 meridie.
1102 3230 1240 3327 Vespere
1255 3235 1340 3303 enim
1360 3233 1522 3304 Dominus
1545 3232 1584 3300 in

198 3356 297 3405 truce
312 3360 322 3412 3
346 3358 437 3405 mane
455 3337 489 3404 in
508 3332 759 3419 resurresiiolter
780 3336 916 3406 meridie
930 3336 965 3406 in
983 3331 1197 3424 adscenfione:
1214 3357 1311 3404 unum
1328 3334 1369 3403 ad
1380 3335 1582 3428 patientiam

200 3438 270 3508 otei
282 3458 313 3513 t,
333 3434 425 3507 aliud
444 3436 486 3505 ad
508 3436 615 3505 vitam
634 3432 815 3522 resuscitati
826 3488 837 3513 ,
862 3439 1002 3507 tertium
1021 3438 1168 3525 pertinet
1184 3436 1226 3503 nd
1237 3434 1379 3527 gloriam
1401 3427 1582 3522 ntay'ellatis

197 3539 236 3607 in
255 3536 373 3607 Putris
398 3538 533 3605 dextera
558 3534 757 3621 confidentis.
801 3532 913 3607 Pintus
932 3532 1196 3606 Christianorum
1215 3532 1405 3605 institutum
1426 3531 1580 3603 cornilio

196 3634 396 3733 Judaeorum
412 3633 583 3707 contendit
593 3662 605 3715 3
624 3658 725 3727 quum
742 3634 851 3729 perite
868 3638 899 3709 dt
917 3634 1018 3741 sqlide
1034 3634 1101 3729 ipse
1117 3634 1248 3706 viderit.
1276 3635 1398 3707 Tribus
1414 3634 1516 3712 boris,
1528 3632 1583 3703 in-

197 3736 297 3831 quit,
316 3734 578 3828 orabantJudei
591 3740 626 3807 in
644 3738 719 3821 die,
732 3736 861 3825 scilicet
880 3742 1000 3811 tertia,
1015 3736 1134 3827 stuta,
1155 3738 1199 3809 (a
1217 3760 1307 3809 nuta.
1342 3735 1484 3809 Tertia,
1499 3738 1582 3829 qnia

197 3857 279 3911 tunt
297 3840 375 3909 data
394 3832 436 3918 eli
458 3842 532 3909 Lex
549 3838 688 3908 insitas·
698 3862 714 3919 ·,·
731 3840 774 3911 &⁸
794 3842 901 3909 eadem
915 3838 996 3911 bora
1016 3861 1091 3911 orat
1112 3836 1276 3926 Ecclesia,
1293 3839 1370 3931 quia
1392 3857 1467 3907 tunc
1482 3836 1581 3905 datus

195 3934 243 4021 ets
261 3942 407 4033 Spiritus
430 3938 561 4009 Sauslus
580 3940 615 4009 in
636 3936 831 4021 Pentecoste.
873 3936 999 4019 Sextii,
1020 3945 1099 4035 quia
1119 3960 1196 4011 tune
1216 3937 1340 4009 trebius
1354 3934 1428 4027 fuit
1447 3934 1580 4027 serpens

195 4063 300 4111 meus
321 4040 355 4111 in
376 4034 499 4126 deserto
519 4064 529 4109 r
555 4040 665 4109 eudem
685 4058 758 4111 orat
777 4039 940 4129 Ecclefia,
962 4045 1043 4133 quia
1062 4066 1138 4111 tunc
1156 4036 1337 4127 crucifixus
1358 4034 1402 4118 esi
1420 4033 1577 4116 Christus.
1619 4106 1635 4117 ,

194 4135 334 4213 Nomi,
360 4160 436 4211 tuuc
453 4156 549 4233 petra
573 4142 663 4209 dedit
681 4162 783 4233 aquas
803 4144 838 4212 in
859 4144 1000 4226 Kales:
1021 4146 1076 4213 uti
1100 4145 1143 4214 (a
1169 4136 1289 4219 cbrislr’
1310 4139 1399 4210 latus
1425 4142 1459 4207 in
1483 4160 1582 4209 cruce

195 4259 278 4313 tunt
293 4240 498 4334 perforatum
510 4238 693 4333 singuinem
713 4243 802 4313 dedit
820 4244 863 4315 <a
883 4234 1009 4337 aquam.
1055 4240 1321 4336 AnJudoeorum
1339 4238 1502 4310 Doctores
1522 4240 1582 4307 has

194 4338 339 4413 instituti
361 4338 409 4410 sui
429 4340 572 4413 rationes
593 4338 751 4421 laudent,
774 4340 928 4435 equidem
945 4338 1066 4415 nescio:
1093 4345 1169 4417 Hoc
1183 4340 1306 4424 video,
1327 4366 1397 4411 non
1412 4338 1515 4409 deefl'e
1529 4336 1582 4407 su-

193 4436 390 4537 perstitiosis
406 4442 548 4537 ingeniis
568 4440 694 4537 quibus
710 4436 772 4517 fibi
790 4444 944 4539 placeant
958 4468 1168 4535 commenta,
1184 4444 1399 4538 quantumvis
1421 4440 1528 4527 alienu

192 4540 328 4638 frigida.
