4150 5150
192 532 197 538 .
341 406 344 410 ι
480 471 567 556 94,
1000 440 1216 525 Exercitatio
1242 441 1307 528 VI
1321 445 1376 527 Il
1542 549 1545 556 1

304 581 459 635 naam
532 570 613 652 XL
640 571 737 666 Quae
747 591 863 670 quum
874 566 923 642 ita
935 565 1024 665 lint,
1053 587 1131 650 tota
1155 586 1276 651 mente
1289 573 1502 654 detestamur
1520 572 1638 654 audax
1656 571 1746 652 illud
1769 593 1875 651 novae

174 663 180 678 ¹
216 714 227 726 ·
300 651 470 788 {ffgffl‘f
481 671 721 772 Philosophiae
735 669 915 754 dinatum
936 693 1011 768 quo
1029 671 1196 761 offeritur,
1211 677 1330 767 ananus
1342 681 1546 750 Densnullnm
1564 677 1677 750 arnardo
1699 677 1795 748 alitam
1805 676 1890 769 fon,

305 802 370 844 um
484 789 676 874 aarom'qunm
687 772 774 846 chaus
790 771 834 864 ab·
843 775 931 841 initio
945 771 1085 868 dedsffet,
1098 775 1261 847 dumnrudo
1268 781 1455 869 pulsantum
1467 779 1542 872 leges
1553 782 1729 871 constitutas
1740 774 1794 866 ipfi
1807 799 1878 844 con·
1937 783 1946 804 “

484 874 614 964 cursum
621 873 718 963 suum
736 871 779 941 nd
787 867 947 966 argeum,
961 873 1095 964 assolet,
1104 875 1386 965 conrmodnretsfine
1398 879 1462 948 ulla
1473 885 1506 947 in
1519 883 1677 948 creationis
1690 875 1880 946 innantem

489 977 608 1072 injurio
617 971 700 1045 credi
706 968 791 1066 samse,
805 995 838 1040 eo
848 968 914 1058 solo
925 995 973 1042 res
983 997 1081 1045 cumn
1088 993 1167 1066 pure
1176 978 1349 1047 materiales
1371 965 1595 1067 cum-temtum,
1609 976 1714 1076 quales
1726 999 1806 1045 narro
1824 969 1880 1066 ff

489 1074 638 1158 vinnan,
656 1065 872 1165 efficipotuiffe.
924 1068 1018 1163 Quae
1028 1095 1075 1148 eo
1087 1071 1250 1160 tendunt,
1264 1086 1306 1151 ut
1321 1073 1572 1174 persuadeatur
1589 1074 1731 1152 mustea
1743 1071 1883 1169 sapien-

489 1172 547 1248 tiae
559 1170 688 1270 mystis,
701 1191 767 1268 per
775 1171 1049 1266 generationem
1058 1171 1264 1261 namralem,
1281 1177 1380 1271 juxta
1388 1175 1528 1272 regulas
1542 1187 1683 1262 motus,
1713 1193 1760 1248 ex
1785 1170 1878 1246 chao

490 1293 619 1348 omnes
637 1293 692 1345 res
707 1265 880 1344 naturales
922 1269 1065 1346 aulatim
1073 1275 1122 1347 ita
1132 1271 1309 1370 produci,
1329 1274 1506 1362 constitui,
1531 1275 1687 1350 ordinari
1704 1268 1879 1372 potuisse:

490 1368 702 1470 imoestqui
720 1367 823 1454 dicat,
837 1287 954 1464 pollto
982 1370 1164 1448 ordinario
1188 1369 1261 1449 Dei
1283 1373 1458 1450 concursu
1483 1373 1628 1473 prodire
1645 1370 1796 1467 debnrffe,
1826 1370 1882 1446 uti

489 1491 590 1546 nunc
627 1494 665 1546 er
681 1469 902 1545 creationem
909 1468 1008 1546 illam
1024 1468 1323 1570 supematuralem
1340 1473 1533 1572 productae,
1553 1473 1761 1558 constitutae,
1781 1467 1883 1546 ordi·

488 1583 582 1646 natae
591 1492 671 1646 llant
684 1567 747 1644 a&
756 1564 1014 1666 consequenter
1031 1593 1125 1670 opus
1136 1569 1321 1650 nonsuille
1336 1589 1446 1672 opere
1458 1573 1523 1650 isto
1536 1569 1762 1658 ramaculoso,
1776 1566 1884 1672 quod

489 1667 852 1845 Creatioaffiellatur.

539 1766 636 1846 ΧΠ.
729 1790 750 1843 c
770 1765 851 1843 suu
865 1777 956 1847 nme
976 1772 1130 1850 «inuno.
1170 1747 1262 1844 Non
1282 1767 1379 1842 eninr
1405 1761 1477 1842 fine
1494 1765 1650 1864 superbae
1671 1767 1880 1844 temeritatis

488 1881 577 1946 nota
588 1869 683 1945 abire
699 1867 817 1954 debet,
836 1859 938 1966 quod
952 1860 1105 1940 misellus
1129 1863 1331 1944 homuncio
1355 1863 1434 1942 'eam
1454 1864 1488 1942 se
1510 1867 1688 1942 rationem
1711 1863 1884 1944 invenisse

190 2023 197 2032 -
278 1963 284 1970 ’
428 1973 433 1978 “
488 1968 676 2068 glorietur,
690 1991 761 2068 qua
775 1962 1007 2061 exindigesta
1021 1963 1130 2052 mole,
1149 1965 1342 2043 solomotu
1359 1968 1553 2064 aurigante,
1580 1969 1680 2061 cujus
1705 1967 1882 2044 nimirum

488 2067 631 2167 regulas
645 2067 823 2144 omnesin
840 2075 1032 2162 comperto
1047 2062 1182 2155 habeat,
1196 2065 1356 2142 miranda
1377 2065 1434 2154 illa
1446 2089 1557 2164 opera
1576 2064 1668 2140 suas
1687 2080 1775 2142 onte
1819 2090 1881 2143 roa

489 2166 565 2244 dire
583 2165 785 2268 potuissent,
802 2166 881 2240 imo
893 2159 1089 2239 debuissent
1101 2188 1112 2256 ;
1140 2191 1219 2266 quae
1235 2189 1334 2260 nunc
1347 2168 1488 2264 potenti
1509 2161 1582 2244 Dei
1597 2167 1636 2264 ju
1664 2191 1687 2242 u
1709 2189 1754 2242 co
1810 2169 1880 2254 ἀ,

488 2272 588 2364 juxta
600 2291 684 2344 cum
701 2265 822 2341 lanius
836 2261 912 2342 Dei
929 2261 1078 2358 vatibus,
1099 2285 1226 2344 omnes
1247 2265 1473 2364 Angelorum
1496 2263 1599 2341 chori
1616 2263 1882 2366 obstupescunt.

367 2436 372 2448 ,
487 2365 627 2555 &bum
637 2365 729 2442 olim
739 2361 1026 2442 Deuseturbiae
1040 2361 1537 2464 alloquebaturzdccingenunc
1546 2385 1586 2438 ut
1597 2361 1882 2449 uirlnrtbostnosa

399 2644 423 2662 ,,
472 2463 1909 2667 ,εηψῖῗὲἑζῖξὲἔῖέεῗιὲξεῖἶὲἴῖἶᾝέ’ξιῑῶἴὲἵω”χἮᾶἳηΐωῗ
1968 2567 1973 2623 f

489 2688 579 2751 troes
592 2672 616 2741 ‚³
630 2686 688 2739 nnt
699 2663 913 2767 quuextendit
923 2671 955 2733 in
967 2690 1005 2734 ea
1020 2668 1193 2761 regulam?
1207 2662 1357 2839 &cdob¹
1371 2687 1490 2743 ΧΧΧῊ
1502 2690 1555 2741 11.
1581 2686 1612 2759 3.
1625 2690 1660 2761 ψ
1677 2688 1706 2761 5.
1735 2664 1807 2747 Sed
1814 2664 1883 2743 ha·

354 2824 361 2838 r
388 2812 398 2821 ι
489 2760 1269 2878 berentaudaculihiquodexsuishypothe
1296 2766 1360 2842 bus
1383 2762 1625 2865 responsorem
1649 2762 1762 2843 Deo:
1789 2763 1884 2843 nihil

488 2866 670 2943 scilicetin
682 2864 850 2941 omnibus
864 2860 1199 2960 rstisoperibustam
1217 2864 1418 2943 mirandum
1433 2862 1498 2940 else
1513 2889 1527 2953 ·,
1551 2863 1653 2965 quod
1678 2888 1756 2943 non
1778 2868 1883 2963 juxta

489 2965 565 3043 suas
580 2979 702 3042 motus
719 2960 894 3061 regulari
911 2973 999 3037 onte
1011 2984 1058 3038 ex
1070 2962 1161 3041 chao
1178 2960 1292 3041 fuisset
1334 2964 1547 3041 roditumm.
1598 2962 1738 3059 Verum
1756 2977 1883 3041 tamen

490 3090 570 3145 non
583 3064 722 3152 dubito,
732 3064 821 3163 quin
830 3086 870 3138 ea
895 3084 954 3137 em
965 3062 1208 3163 increpatione
1220 3088 1291 3165 qua
1302 2989 1545 3167 fobusaDeo
1557 3060 1775 3163 objurgandi
1786 3060 1882 3141 lint:

491 3170 570 3265 Qu
581 3170 630 3257 ess,
645 3174 700 3265 qui
711 3165 885 3238 obtenebrat
894 3160 1049 3251 confilium
1049 3164 1233 3255 senatoribus
1246 3164 1378 3256 inscite?
1390 3162 1488 3241 Ibid:
1515 3164 1600 3240 vers
1620 3185 1653 3242 2.
1696 3166 1700 3183 '

450 3342 458 3350 ,
540 3262 655 3343 XLll.
681 3259 851 3360 Injuriosa
864 3261 970 3335 etiam
986 3259 1192 3359 hujusmodi
1204 3264 1328 3340 dittata
1341 3262 1431 3351 sunt,
1451 3265 1536 3363 quic
1560 3262 1624 3341 uid
1648 3277 1774 3355 contm
1791 3286 1884 3362 praa·

490 3363 666 3451 tendatur,
680 3366 718 3437 in
734 3360 923 3439 creationis
939 3360 1160 3440 miraculum.
1211 3360 1322 3461 Cujus
1333 3366 1542 3476 praecipuaa
1593 3364 1882 3440 rirabilitasineo
1967 3414 1969 3417 -

491 3462 656 3550 conslstit,
669 3461 771 3563 quod
788 3459 903 3537 velex
914 3457 1041 3548 nihilo,
1061 3462 1176 3539 velex
1187 3466 1332 3541 materia
1349 3464 1490 3639 zrorlus
1504 3462 1659 3553 inhabili,
1671 3462 1882 3564 trullarnque
1966 3486 1969 3561 .‘

491 3564 537 3640 ad
553 3586 630 3639 rem
645 3562 728 3637 inde
739 3558 1003 3637 conficiendam
1015 3564 1293 3661 proportionem
1313 3562 1359 3639 ha
1384 3576 1476 3651 ente,
1500 3562 1578 3639 solo
1606 3564 1763 3640 nunnnis
1790 3560 1884 3659 jussu
1966 3602 1968 3653 a

492 3664 615 3741 omnia
634 3662 835 3738 exstiterint
888 3658 982 3750 Quae
1003 3661 1251 3739 admirabilitas
1276 3686 1334 3740 ma
1389 3688 1446 3739 am
1463 3674 1612 3761 partem,
1632 3656 1659 3738 fi
1682 3686 1760 3741 non
1777 3684 1883 3761 pror·
1965 3660 1968 3759 j

224 3826 231 3852 ,
311 3816 315 3821 -
490 3762 558 3851 sus,
583 3762 743 3854 tollitur,
768 3755 938 3862 quando,
970 3758 1088 3857 poslto
1123 3762 1304 3839 ordinario
1338 3764 1400 3863 ¹ei
1424 3762 1623 3851 concursu,
1643 3760 1702 3840 sua
1726 3762 1880 3861 sponte.
1915 3770 1933 3777 “

314 3883 354 3957 χ
489 3864 637 3927 amana
660 3871 808 3941 canaan,
822 3870 879 3958 ‚ut
898 3863 1057 3954 Gregorius
1076 3862 1221 3962 NJffian
1238 3862 1426 3962 loquitur,
1451 3866 1550 3959 jutta
1573 3862 1714 3961 regulas
1732 3874 1882 3951 motus,
1964 3876 1967 3963 j

490 3953 614 4026 omnia
629 3952 762 4029 eodem
775 3956 890 4033 modo
903 3978 950 4033 ex
962 3958 1053 4038 chao
1066 3960 1252 4059 proditura
1263 3960 1361 4039 fuisse
1377 3958 1532 4039 allieritur
1550 3988 1558 4038 :
1585 3960 1706 4039 modo
1728 3958 1883 4039 libuisset
1964 3974 1966 4045 ἰ

487 4040 662 4164 Deo‚·qui
675 4076 772 4130 nunc
787 4080 880 4155 opus
889 4056 1157 4160 deproperabat‚
1170 4061 1438 4163 mouu&chao
1452 4064 1627 4161 temporis
1641 4060 1788 4157 alicuius
1801 4085 1885 4138 mo·
1963 4046 1966 4106 l

487 4169 565 4221 ram
583 4147 794 4249 redargue.-
819 4153 921 4252 Quid
935 4160 1033 4235 enim
1046 4172 1125 4236 tum
1137 4162 1268 4239 creatio
1281 4156 1480 4239 miraculosi
1493 4158 1686 4250 herbrandi
1703 4158 1810 4263 quod
1822 4160 1883 4237 ali·

451 4267 454 4276 ’
488 4268 560 4347 qua
576 4246 763 4335 velocitate
775 4255 810 4331 &
822 4256 1076 4335 acceleratione
1091 4260 1307 4338 ordinariam
1323 4284 1445 4339 rerum
1452 4262 1665 4349 naturalium
1674 4262 1884 4361 generatio-

430 4378 436 4383 ·
487 4370 575 4423 nem
583 4346 835 4447 superetlHaec
845 4380 891 4433 eo
902 4356 1074 4455 paulatim
1088 4358 1277 4455 ducuntut
1290 4360 1418 4437 mundi
1426 4384 1508 4436 aera
1521 4364 1653 4439 creatio
1671 4360 1821 4437 tandem
1833 4360 1882 4437 al-

484 4446 542 4523 bis
558 4448 724 4528 dent-ibus
735 4454 928 4532 irrideatur.
981 4456 1096 4552 Quod
1110 4460 1271 4539 &lacere
1284 4484 1361 4536 non
1373 4460 1564 4538 erubuitali
1593 4464 1646 4541 uis
1656 4460 1775 4539 existo
1788 4458 1880 4537 nido
1951 4527 1957 4536 .

419 4638 423 4645 .
486 4546 615 4660 pullus,
630 4553 724 4626 ineo
737 4552 830 4671 libro
841 4558 880 4633 in
899 4579 974 4661 quo
988 4562 1166 4642 novitiam
1175 4557 1268 4641 hanc
1279 4556 1547 4665 Philosophiam
1563 4485 1753 4669 scripturae
1770 4564 1881 4636 inter·

434 4698 442 4706 ·
481 4650 825 4743 pnnmconstnut
1743 4654 1879 4749 autu
