4150 5150
494 469 549 544 74
1028 441 1230 520 Exercitatio
1277 437 1351 515 VI.

497 589 653 678 inservit,
674 588 787 666 crebra
801 591 984 666 eorundem
1001 591 1205 667 Psalmorum
1221 589 1435 678 demutatioe
1453 593 1519 686 qua
1535 588 1672 665 tandem
1690 578 1799 665 catria
1813 585 1870 678 fit,
1961 586 1962 593 '

497 715 538 768 ut
554 691 768 767 aedificationi
785 691 895 780 obsit,
915 714 964 767 ut
977 695 1213 768 excitationem
1230 694 1334 767 animi
1355 693 1536 790 inpediat,
1561 711 1720 781 ancum,
1745 693 1873 790 qualern

283 832 296 852 =-
412 829 429 848 ·
488 797 680 882 uolumus,
696 795 888 868 Dominicae
905 797 1061 868 orationis
1074 795 1256 871 recitatio?
1481 811 1486 818 ’
1803 882 1808 891 ¹

310 905 474 960 mum·
559 898 652 970 xx:
691 897 754 969 Sed
779 899 811 968 ἃ
835 894 969 992 fingulis
994 897 1079 970 hisce
1104 899 1306 993 argumentis
1335 895 1481 970 breviter
1510 896 1636 990 aliquid
1660 900 1874 990 reponu‘mue.
1932 886 1936 892 ⁵

252 1037 261 1052 ι
310 965 475 1102 ἕζξῆᾙό.
501 999 528 1072 I.
547 1001 667 1092 Neque
685 1024 745 1069 nos
762 999 787 1068 ii
808 996 917 1072 sumus
936 1000 992 1092 qui
1007 998 1117 1072 verbis
1130 999 1330 1092 adstringere
1348 998 1498 1093 spiritur‘n
1516 1021 1680 1091 precum,
1702 1017 1767 1070 aut
1784 1023 1876 1070 orau-

308 1103 492 1170 ¹¹¹nti²¹i⁰¹¹t.
504 1121 551 1174 tes
573 1125 615 1170 ex
636 1097 772 1194 spiritu,
791 1099 1015 1194 postulemue;
1035 1099 1089 1173 sed
1109 1128 1180 1174 non
1198 1101 1277 1195 quia
1295 1102 1388 1173 certis
1403 1099 1514 1185 verbis
1532 1100 1657 1192 alligati
1673 1125 1747 1172 non
1766 1098 1877 1172 suiuus

311 1169 486 1312 {filim
501 1201 623 1274 idcirco
638 1199 727 1273 nefas
747 1219 804 1272 aut
823 1201 1059 1275 inconveniens
1079 1203 1126 1275 est
1139 1227 1176 1275 ea
1189 1201 1353 1274 adhibere.
1380 1202 1415 1274 Si
1430 1202 1544 1274 Deum
1559 1199 1676 1274 nollris
1693 1199 1794 1273 nobis
1805 1227 1876 1274 ver·

499 1303 551 1376 bis
569 1303 764 1396 compellare
777 1303 871 1376 liceat
881 1355 892 1389 ,
916 1305 1033 1376 ideone
1051 1329 1121 1376 non
1139 1302 1250 1376 licebit
1266 1310 1344 1376 eum
1361 1304 1560 1396 compellare
1579 1299 1669 1373 luis?
1687 1299 1877 1396 Speremus·

496 1431 539 1478 ne
557 1401 663 1476 nostra
677 1401 898 1480 balbutientia
913 1405 1057 1499 gratiora
1074 1407 1104 1476 ei
1120 1403 1193 1478 fore
1210 1403 1293 1490 suis,
1308 1402 1593 1499 quaesapientiam
1611 1403 1790 1476 continent
1809 1404 1877 1476 ine·
1938 1438 1941 1444 ·

493 1504 724 1579 narrabilcm?
750 1509 832 1578 Non
862 1505 909 1578 est
930 1507 1037 1579 etiam·
1051 1505 1133 1580 illud
1157 1505 1381 1579 universaliter
1401 1504 1633 1598 verumquod
1649 1523 1783 1578 attenta
1805 1530 1876 1576 ver·
1954 1584 1958 1588 ,

491 1605 615 1680 borum
633 1605 847 1680 confidentia
870 1609 1083 1681 devotionem
1102 1607 1223 1680 turbet.
1250 1609 1289 1679 Id
1307 1606 1437 1680 fortalie
1461 1605 1594 1691 fecerit,
1615 1603 1641 1677 lt
1660 1605 1735 1701 quis
1756 1608 1794 1678 in
1806 1630 1877 1682 vet·

490 1707 614 1782 bornm
635 1709 755 1780 cortice
778 1711 809 1781 dt
833 1711 924 1802 apice
945 1711 1101 1796 haereat,
1127 1706 1241 1782 nonli
1264 1735 1321 1802 per
1348 1707 1455 1781 verba
1472 1707 1645 1802 ‚plurimi
1675 1705 1876 1801 significatui

491 1809 599 1896 loeta,
624 1811 665 1880 ad
692 1810 942 1884 meditationem
963 1805 1082 1883 rerum.
1098 1809 1291 1884 sublimium
1310 1836 1347 1882 ac
1364 1810 1547 1888 coelellium
1566 1860 1578 1895 ,
1604 1833 1681 1902 quae
1705 1810 1747 1880 iis
1766 1806 1876 1881 verbio

490 1905 683 2004 fignificotae
702 1909 799 1998 sunt,
823 1913 975 1984 enitatur.
1016 1915 1098 1985 Non
1114 1916 1245 1986 minore
1262 1913 1443 1985 devotione
1461 1911 1564 1983 animi
1583 1931 1684 2004 atque
1704 1912 1876 1984 emotione

493 2011 622 2107 spiritus
646 2011 808 2085 audienda
830 2013 926 2085 nobis
948 2014 1013 2085 Dei
1036 2039 1107 2087 vox
1129 2015 1202 2101 est,
1232 2017 1363 2108 quoties
1387 2040 1447 2085 nos
1468 2011 1666 2110 compellare
1689 2012 1876 2106 dignatate

494 2137 597 2208 quarn
618 2112 684 2206 ipse
705 2114 723 2184 i
741 2111 837 2187 nobis
861 2116 1112 2210 compellandus
1132 2115 1206 2188 est:
1237 2143 1306 2188 non
1330 2135 1444 2188 tamen
1470 2114 1591 2186 idcirco
1613 2115 1725 2189 miuus
1748 2131 1874 2186 attente

493 2209 697 2309 penfitandae
719 2214 887 2308 syllabae,
917 2214 941 2288 fi
966 2217 1101 2311 quidem
1123 2219 1170 2288 ita
1194 2219 1287 2311 loqui
1306 2217 1433 2302 libeat,
1458 2217 1579 2307 Divini
1602 2213 1762 2287 sermonis
1783 2214 1872 2288 sunt.

378 2325 381 2338 '
408 2370 410 2379 ·
494 2315 569 2390 lnao
589 2317 825 2390 attendendum
844 2320 970 2390 attente
986 2373 997 2399 ,
1016 2322 1244 2415 atteattfflme,
1262 2317 1330 2415 Jcs.
1345 2341 1429 2393 m.
1446 2341 1482 2413 7.
1505 2338 1546 2392 ut
1561 2342 1601 2389 eo
1618 2314 1761 2390 sanctius
1775 2317 1872 2390 Divi·

495 2443 577 2492 uana
597 2417 789 2518 sapientiam
810 2419 904 2490 iniis
926 2418 1125 2514 stupeamus.

309 2536 375 2588 xrt·
393 2533 447 2611 nep
547 2519 640 2595 XX.
676 2521 727 2593 II.
750 2519 977 2595 Idololatriam
1003 2524 1088 2595 circa
1108 2522 1308 2597 Orationem
1330 2522 1546 2597 Dominicam
1568 2521 1802 2609 committere,
1823 2520 1870 2597 est

308 2612 470 2719 ffiffi
497 2619 528 2691 ei
544 2622 614 2695 vim
629 2622 774 2715 aliquam
792 2642 852 2695 aut
870 2629 1088 2696 reverentiam
1106 2625 1268 2697 Divinam
1285 2624 1464 2697 attribuere
1477 2648 1578 2719 quam
1598 2649 1670 2697 noa
1690 2622 1805 2696 habet.
1830 2624 1870 2697 ld

309 2732 373 2788 ¹¹³⁸-
496 2722 548 2793 illi
567 2721 693 2795 faciunt
712 2725 769 2817 qui
790 2724 978 2797 existimant
992 2724 1095 2797 verba
1110 2724 1201 2818 ipsa,
1216 2726 1329 2819 quiaa
1349 2726 1481 2799 Christo
1498 2723 1665 2819 profetia,
1684 2742 1796 2798 tantae
1808 2722 1870 2797 etse

496 2824 695 2919 dignationis
721 2832 822 2918 atqu'e
843 2822 999 2898 efficaciae
1019 2826 1109 2920 apud
1134 2826 1290 2912 Patrem,
1315 2844 1354 2898 nt
1379 2829 1469 2902 nude
1492 2828 1653 2913 recitata,
1675 2826 1779 2899 edam
1801 2823 1869 2897 stne

494 2948 607 2997 mente
630 2942 729 3019 atque
753 2929 997 3013 attentatione,
1029 2926 1195 3022 quidlibet
1219 2929 1394 3023 impetrare
1414 2930 1558 3002 valeant
1606 2928 1699 3000 Huic
1719 2927 1867 3021 periculo

491 3052 564 3101 non
580 3026 624 3099 ell
644 3026 781 3101 obviam
804 3030 953 3103 eundum
972 3028 1186 3123 abrogatione
1203 3026 1272 3103 srve
1287 3026 1462 3103 omillrone
1482 3030 1579 3122 liujus
1601 3030 1789 3116 orationis,
1811 3027 1865 3101 sed

491 3124 573 3199 seria
591 3148 688 3223 atque
709 3131 858 3202 animum
876 3131 1097 3215 convincente
1109 3129 1366 3219 informatione,
1383 3130 1601 3225 irreligiosum
1621 3128 1683 3205 elle
1698 3131 1776 3203 Deo
1793 3156 1865 3203 uer-
1960 3195 1961 3198 ,

492 3226 535 3301 ba
556 3230 794 3324 qualiacunque
813 3230 1086 3309 adnumerare,
1107 3232 1191 3304 nihil
1209 3235 1246 3305 in
1262 3259 1379 3305 eorum
1394 3233 1475 3307 sono
1495 3231 1556 3305 effe
1573 3233 1694 3305 valoris
1704 3282 1716 3319 ,
1736 3234 1794 3326 pia
1811 3232 1864 3303 de·

491 3332 628 3403 votione
646 3332 858 3403 attendendas
884 3329 1016 3405 efferes
1040 3330 1227 3407 efficacibus
1245 3334 1311 3406 illis
1331 3333 1441 3407 verbis
1462 3330 1678 3429 lignifiearae,
1704 3335 1754 3407 ita
1775 3348 1864 3407 ooni-

488 3432 682 3526 ponendum
700 3430 760 3505 else
777 3434 928 3531 animum
950 3454 989 3508 ut
1013 3434 1180 3509 occafione
1198 3439 1319 3508 horum
1340 3434 1521 3509 verborum
1540 3436 1710 3508 adrerum
1725 3434 1865 3508 coelesti·
1893 3525 1903 3533 ῃ

490 3558 550 3605 um
570 3536 729 3608 excitetur
746 3532 967 3623 desiderium,
995 3526 1095 3631 atque
1109 3542 1155 3610 ita
1172 3541 1332 3611 excitatae
1348 3538 1466 3610 iisdem
1479 3536 1587 3609 rurstu
1606 3536 1719 3609 verbis
1740 3532 1863 3609 deiide-

488 3636 577 3707 rium
593 3634 691 3709 suurn
707 3638 840 3708 numini
862 3647 1016 3731 exponat.
1042 3642 1084 3714 ld
1101 3637 1127 3711 sr
1144 3636 1215 3726 fiat,
1234 3666 1277 3711 ne
1294 3639 1363 3709 ulla
1371 3636 1514 3733 ‘quidem
1533 3639 1733 3712 idololatriae
1745 3636 1881 3733 speciee‘

487 3754 647 3809 remanet
690 3738 810 3831 Neque
833 3736 981 3830 profecto
1002 3738 1154 3835 frequens
1178 3741 1354 3813 Orationis
1375 3742 1566 3813 Donunicae
1587 3739 1774 3833 repetitio,
1797 3762 1863 3833 qua

488 3856 616 3911 mentes
634 3838 676 3909 ad
700 3836 807 3909 solum
828 3839 959 3913 Patrem
981 3842 1131 3915 nostrum
1155 3841 1323 3915 coelestem
1340 3844 1549 3927 excitantur,
1570 3842 1601 3913 ei
1617 3840 1678 3913 soli
1695 3864 1860 3935 regumn,

488 3938 627 4031 gloriam
651 3942 683 4011 ἃ
703 3940 886 4032 potentiam
908 3940 1087 4016 attribuere
1111 3944 1272 4017 docentur
1288 3944 1433 4037 „majus
1454 3943 1654 4016 idololatriae
1674 3943 1762 4015 circa
1788 3965 1874 4019 eamr

489 4038 663 4113 discrimen
683 4041 832 4130 inducit,
851 4070 954 4138 quam
975 4044 1086 4117 crebra
1109 4046 1286 4139 repetitio,
1309 4064 1457 4118 acmnata
1473 4046 1649 4124 irrculcatia
1670 4048 1703 4115 ἃ
1721 4044 1872 4138 diligens·
1959 4097 1960 4136 q

487 4138 638 4227 distatffio
656 4140 836 4215 verborum
855 4148 1011 4241 praecepti
1030 4147 1181 4231 secundi,
1200 4172 1266 4240 qua
1283 4148 1392 4219 omnis
1408 4147 1597 4220 idololatria
1614 4146 1833 4218 interdicitur.
1904 4145 1910 4156 ’
1959 4215 1960 4222 ,

300 4242 449 4361 mihil*
535 4241 676 4315 XXII.
699 4244 772 4318 ΙΙΙ.
795 4246 979 4341 Battologia
994 4248 1129 4319 Christo
1142 4248 1379 4333 condemnata,
1397 4243 1639 4343 quintiniani
1651 4268 1750 4319 antea
1766 4248 1860 4317 ino·
1953 4304 1960 4336 q

297 4314 372 4364 ¹²⁸⁰
404 4320 454 4375 ‘²⁸'
486 4337 537 4414 bis
553 4342 599 4415 est
613 4342 795 4439 expoliem.
825 4352 977 4423 Exercit.
996 4372 1028 4423 1.
1047 4353 1077 4428 i.
1094 4372 1227 4425 mn.
1258 4350 1426 4443 Repetitio
1446 4367 1561 4422 autem
1577 4348 1790 4444 quotidiana,
1804 4343 1860 4418 sed
1958 4339 1960 4432 l

484 4460 610 4517 attenta
633 4464 733 4540 atque
755 4448 878 4521 devota
888 4498 901 4534 ,
927 4450 1076 4544 ejusdem
1094 4452 1253 4525 orationis
1269 4452 1356 4523 nihil
1374 4462 1453 4525 curn
1472 4450 1657 4546 battologia
1678 4470 1861 4523 commane
1957 4445 1959 4553 l

474 4540 593 4619 tabee
619 4545 694 4621 Nili
708 4548 852 4625 velimus
872 4550 983 4649 ipsun
996 4553 1186 4630 Domuum
1202 4554 1242 4631 in
1257 4552 1385 4630 crimea
1400 4579 1423 4627 a
1436 4553 1685 4631 se-daruuatum
1697 4546 1859 4631 incidiffe·

1784 4664 1857 4749 quo
