4150 5150
425 534 430 540 ,
496 439 570 521 16'2
989 428 1000 539 f
1037 439 1354 518 tractatoria
1395 411 1399 418 ’
1981 533 1985 560 1

496 601 597 670 qoam
607 561 834 672 praesormauit
850 573 947 650 nobis
959 575 1117 652 Christus.
1128 579 1207 652 Luc.
1224 577 1285 652 11.
1302 599 1357 669 13.
1377 576 1494 650 Siaott
1511 580 1571 674 qui
1582 577 1661 651 rarii
1669 571 1744 658 estis
1753 621 1763 658 ‚
1779 569 1866 656 nollit
1973 561 1985 650 J

494 677 576 751 bona
588 683 669 751 dona
686 683 781 752 darer
802 685 1034 774 quantomagis
1051 681 1218 754 Poterille
1231 677 1336 762 vester
1353 675 1507 760 celestis?
1523 677 1567 752 II.
1582 677 1801 775 Utindicium
1807 675 1867 746 Di-

494 779 586 851 vinae
599 781 762 852 circanoe
779 781 812 850 dc
828 777 866 848 in
888 777 985 850 nobis
1006 779 1131 873 gratiae.
1184 779 1276 852 Hinc
1296 780 1386 851 enim
1408 796 1499 872 patet
1513 779 1665 852 nondum
1687 804 1747 850 nos
1760 779 1868 870 pravis
1906 802 1911 813 ·
1983 799 1984 802 ’

495 871 670 954 alfredlibus
684 879 799 951 nostris
817 877 944 971 proelia
962 876 1022 951 else
1039 881 1176 954 traditos
1191 905 1299 974 neque
1315 881 1428 952 Deum
1447 879 1571 978 Spiritu
1590 879 1648 952 suo
1666 879 1794 973 planca
1809 901 1868 948 no-
1980 967 1985 980 ¹

466 979 469 986 ’
494 979 547 1052 bis
565 976 735 1060 reoeffisse3
757 979 1026 1073 quandoquidem
1043 1005 1082 1080 ea
1102 981 1139 1052 in
1161 973 1256 1053 nobis
1271 979 1486 1052 miserationis
1511 979 1632 1052 viscera
1651 979 1870 1052 inveniuntur

414 1138 424 1146 .
496 1107 575 1176 quae
593 1107 663 1153 non
679 1077 740 1153 nist
763 1080 926 1188 dipiritu
938 1082 1100 1174 gratiae&
1121 1081 1289 1153 charitatis
1314 1080 1401 1152 sunt.
1436 1083 1546 1174 Atque
1574 1081 1651 1152 inde
1669 1077 1768 1151 nobis
1788 1079 1870 1150 ulte-

496 1183 592 1254 rioris
613 1183 726 1276 gratiae
745 1172 984 1254 concessionem
1001 1179 1235 1274 nonvanaspe
1246 1181 1451 1275 pollicemur.
1477 1181 1568 1253 Solet
1580 1181 1770 1253 enimDeus
1779 1178 1866 1250 dona

410 1329 417 1336 ·
437 1352 440 1358 ,
495 1281 553 1354 sua
570 1283 668 1354 novis
684 1281 778 1354 donis
790 1305 957 1354 coronare.
983 1282 1044 1355 III.
1061 1285 1120 1358 Uti
1137 1283 1172 1356 id
1186 1282 1277 1378 quod
1298 1280 1427 1354 sensum
1446 1277 1640 1354 remillionis
1657 1300 1867 1374 peceatormn

496 1381 683 1455 nostrorum
698 1380 868 1455 neoeffario
888 1385 1068 1458 antecedit:
1093 1387 1125 1457 da
1145 1383 1236 1478 cujus
1254 1381 1399 1456 desedius
1416 1383 1502 1452 iram
1521 1383 1625 1455 Patris
1648 1381 1750 1454 nostri
1773 1379 1868 1452 coele

496 1481 551 1556 stis
569 1481 720 1555 adversus
739 1509 799 1555 nos
817 1486 1015 1556 accenderet
1042 1485 1127 1557 Fieri
1144 1486 1235 1556 enim
1253 1507 1324 1555 non
1334 1482 1440 1577 potest
1451 1501 1491 1553 ut
1510 1483 1640 1555 cerciac
1652 1481 1754 1552 securi
1767 1477 1869 1552 limus

494 1585 605 1657 nolim
621 1583 718 1657 nobis
736 1585 876 1656 crimina
899 1585 1086 1657 condonata
1109 1584 1189 1672 elle,
1208 1583 1305 1678 idque
1318 1585 1360 1655 ad
1377 1583 1534 1678 gaudium
1553 1607 1592 1654 ac
1606 1580 1867 1656 consolationem

494 1685 599 1756 animi
611 1685 715 1758 nollri
728 1686 954 1778 experiamur3
987 1684 1047 1757 nist
1066 1687 1129 1758 hoc
1152 1686 1307 1758 {laternae
1321 1685 1484 1756 charitatis
1498 1679 1651 1756 officium
1666 1707 1740 1776 erga
1757 1683 1868 1781 proui-

496 1811 569 1859 mos
594 1787 720 1859 nostros
738 1810 954 1858 exerceamus.
993 1787 1068 1860 Imo
1078 1812 1160 1860 vero
1172 1789 1313 1872 iratum,
1336 1787 1386 1858 uti
1402 1785 1526 1858 caeteris
1544 1781 1755 1870 crinrinibut,
1774 1785 1868 1856 ita&

451 1959 456 1966 ,
496 1888 629 1960 duritiei
643 1887 783 1972 nostrae,
805 1884 1001 1958 habebimus
1014 1889 1145 1974 Deum,
1166 1885 1323 1982 quamdiu
1335 1885 1575 1980 implacabilem
1589 1909 1665 1979 erga
1673 1887 1785 1984 trames
1797 1883 1869 1954 ani·

496 2013 593 2060 mum
604 1989 792 2060 retinemus.
805 1987 1102 2079 Meuanas-26.
1130 1985 1869 2086 Erquamaddireririsprecantes‚remittite

493 2087 523 2182 β
544 2093 622 2184 quid
646 2088 774 2161 haberis
792 2088 946 2179 adversus
961 2091 1122 2184 aliquemr
1143 2109 1184 2162 ut
1201 2093 1245 2163 &⁸
1265 2095 1369 2160 Pater
1391 2089 1445 2160 iiie
1463 2081 1567 2169 aester
1579 2091 1637 2184 qui
1660 2089 1695 2158 in
1718 2087 1806 2158 coeiis
1825 2080 1868 2167 esi

496 2193 651 2262 remittat
661 2187 756 2260 uobis
767 2184 897 2277 offensas
914 2187 1048 2271 vestras.
1078 2193 1175 2262 Nam
1182 2187 1212 2280 fi
1232 2213 1291 2262 vos
1303 2211 1364 2260 non
1387 2185 1600 2276 remiseritis,
1625 2209 1682 2258 nec
1692 2191 1798 2260 Pater
1814 2185 1868 2260 iile

490 2286 600 2389 'vester
625 2294 732 2384 quiin
750 2289 836 2360 celis
857 2287 924 2373 est,
943 2292 1096 2362 remittet
1116 2284 1246 2379 offensas
1265 2285 1398 2379 cestros.

544 2389 681 2462 XXII.
708 2388 747 2460 ld
768 2389 878 2481 itaque
900 2389 1013 2461 animo
1031 2387 1145 2460 nostro
1170 2385 1313 2460 infixum
1338 2405 1492 2462 maneatt
1510 2387 1660 2462 Homml
1687 2407 1867 2462 necaro·

457 2509 464 2516 ’
496 2509 537 2563 nl
554 2509 795 2564 PECCATORUM
813 2511 957 2567 SUORUM
983 2508 1231 2565 RMSSIONEM
1251 2489 1405 2563 MAXIMO
1429 2505 1532 2564 sumo
1544 2509 1569 2562 A
1581 2489 1663 2562 DEO
1682 2509 1865 2562 uxama·

494 2612 579 2665 nnat
592 2612 681 2665 assa.
734 2591 815 2663 Huc
835 2596 925 2665 enim
936 2616 996 2664 nos
1014 2592 1106 2662 ducit
1121 2616 1159 2663 ea
1180 2614 1281 2684 quam
1308 2592 1466 2663 hedenus
1487 2588 1696 2683 exposuimus
1709 2589 1866 2662 Donrini-

496 2716 546 2763 cae
564 2690 719 2765 orationis
736 2716 823 2785 pars.
855 2694 973 2786 Neque
985 2690 1136 2785 profesto
1147 2690 1264 2763 ddunt
1288 2694 1437 2787 ingentes
1457 2714 1535 2785 quae
1558 2714 1599 2763 eo
1619 2691 1796 2785 impellant
1815 2715 1866 2762 ra·

496 2810 615 2866 tiones.
1164 2810 1168 2840 ¹

306 2899 399 2968 xxm:
418 2892 463 2945 ¹³¹³
497 2924 502 2931 ·
546 2892 704 2965 XXIII.
732 2894 823 2965 Nam
842 2892 974 2965 nullum
992 2891 1094 2966 dirius
1119 2896 1247 2968 malum
1261 2894 1307 2969 cst
1320 2912 1565 2991 quampeccata
1576 2918 1648 2965 non
1666 2890 1865 2967 condonata.

307 2974 416 3078 {iiiiii
427 2975 483 3011 '²⁰¹²
497 2999 534 3067 Si
548 2999 742 3092 iniquitates
758 2993 1000 3083 observaveris,
1013 3000 1177 3083 Domine,
1197 3002 1271 3094 quis
1285 2999 1377 3094 poffit
1393 2992 1578 3087 confidere?
1595 2992 1645 3067 Ps.
1659 3016 1758 3067 cm.
1778 3014 1811 3083 3.
1836 2992 1866 3063 A

90 3165 91 3188 q
308 3092 482 3214 :fflfflm
498 3095 575 3167 Dici
601 3121 673 3167 non
698 3094 805 3187 potest
826 3113 1028 3188 quantopere
1050 3098 1173 3189 peccati
1190 3124 1260 3171 non
1287 3094 1408 3170 remifli
1428 3096 1532 3169 molet
1558 3094 1706 3169 misermn
1738 3110 1866 3187 premat
1981 3168 1985 3187 1

89 3200 96 3261 ³.
217 3260 222 3263 ,
309 3224 358 3278 ,q
496 3196 664 3281 animam,
693 3196 857 3289 opprimat
875 3194 1365 3273 conscientiaml‘snuxvrrr.
1382 3220 1415 3291 ς.
1456 3201 1655 3295 Iniquitates
1678 3220 1753 3269 mea
1771 3214 1865 3267 narr·

491 3295 650 3388 scendunt
670 3314 769 3389 caput
787 3319 918 3376 meum;
936 3318 976 3367 ur
988 3321 1064 3368 onus
1077 3320 1203 3391 grove,
1226 3308 1398 3395 graviores
1412 3296 1504 3387 strar,
1533 3316 1697 3393 quamfut
1715 3293 1864 3391 person

411 3477 414 3482 y
496 3420 622 3493 queam.
650 3394 756 3467 Nulla
767 3395 855 3465 intus
872 3398 1116 3491 tranquillitas,
1137 3400 1229 3471 nulla
1251 3424 1317 3496 pax
1333 3398 1399 3485 est,
1421 3398 1526 3475 donec
1538 3401 1712 3470 criminum
1730 3394 1863 3467 suorum

494 3514 590 3569 reatu
602 3488 775 3569 obstrietus
798 3497 947 3578 animus,
970 3496 1065 3585 else,
1087 3500 1106 3570 a
1129 3499 1303 3588 Diabolo,
1326 3501 1458 3585 aueo,
1482 3499 1525 3570 ab
1542 3498 1702 3572 omnibus
1721 3496 1865 3589 denique

495 3598 714 3669 metuendum
732 3596 843 3669 habet.
868 3596 940 3691 Ipse
967 3596 1030 3671 libi
1044 3597 1235 3673 obversatur
1251 3600 1496 3675 utmonst'rum
1518 3601 1743 3683 horrendum,
1764 3595 1864 3671 infm-

496 3722 575 3783 me,
592 3700 727 3791 ingens3
749 3700 841 3792 cujus
856 3700 979 3771 intuitu
1002 3702 1165 3772 continuo
1186 3718 1384 3775 exterreturr
1405 3698 1532 3773 ubiubi
1556 3715 1778 3776 commoratur
1792 3724 1864 3791 per·

495 3818 635 3893 petuam
649 3801 737 3871 intus
752 3798 938 3871 carnificem
953 3800 1161 3890 circumfert,
1183 3804 1352 3875 horrendis
1363 3802 1540 3876 terroribus
1554 3805 1778 3883 excmciatur3
1796 3802 1864 3871 hae-

403 3932 408 3937 ·
496 3921 549 3972 ret
561 3901 653 3971 lateri
671 3901 798 3973 lethalis
816 3902 964 3986 arundo,
986 3902 1059 3995 post
1071 3904 1212 3995 equitem
1235 3904 1442 3999 peditemque
1461 3902 1547 3975 sedet
1562 3928 1630 3977 atra
1644 3926 1730 3975 cum.
1756 3894 1863 3973 Autsi

496 3999 690 4094 nescioquo
701 4002 896 4095 malagmate
913 4004 1082 4095 mitigetur
1097 4004 1139 4073 ad
1156 4026 1285 4097 tempus
1302 4006 1418 4093 dolor,
1442 4005 1576 4077 ulterius
1593 4005 1779 4079 catcinorna
1800 3998 1862 4072 ser-

354 4140 370 4150 ·
420 4114 423 4119 “
496 4102 566 4196 pit,
591 4101 882 4194 moxgravioribus
901 4101 1179 4195 symptomatibus
1197 4106 1417 4199 proditurum.
1442 4106 1524 4179 Nou
1534 4106 1738 4201 extinguitur
1757 4102 1804 4175 ita
1813 4102 1862 4172 io-

497 4203 671 4274 oendiunt:
694 4205 934 4297 manentignes·
947 4202 1104 4298 suppositi
1123 4208 1225 4279 cineri
1253 4206 1378 4279 doloso.
1416 4206 1600 4301 Nunquam
1621 4206 1712 4279 bona
1724 4200 1791 4290 fide
1803 4199 1862 4273 libi

495 4300 759 4374 mmnciliabitur
778 4306 955 4396 peccatoris
972 4330 1123 4391 ammos,
1135 4306 1241 4381 donec
1251 4308 1476 4380 reconciliatus
1493 4304 1644 4399 litjudicl
1655 4304 1726 4391 suo,
1743 4327 1862 4397 nempe

497 4404 723 4576 Demqffinjoh.
736 4426 816 4480 ιιι.
833 4424 892 4486 ao«
925 4407 1002 4481 Deo
1021 4430 1134 4481 autem
1148 4434 1220 4485 aon
1240 4408 1490 4496 reconciliatur,
1511 4406 1573 4484 nili
1590 4436 1646 4507 per
1659 4401 1861 4479 offensarum

492 4526 530 4575 te
615 4526 729 4578 onon.
