4150 5150
277 415 280 422 ’
386 425 419 492 2
509 469 558 558 5⁶
799 421 998 564 minuto
1046 451 1120 528 rv.
1158 453 1212 527 ne
1230 449 1386 528 ostibus
1402 451 1601 529 orantum

507 637 586 686 men
605 635 682 684 eum
702 601 846 704 corporis
862 607 1012 682 habitum
1020 659 1032 696 ‚
1046 611 1099 682 cui
1114 609 1218 681 animi
1231 608 1478 705 disposrtionem
1489 607 1681 704 respondere
1695 605 1793 680 Deus
1803 603 1884 676 mir.

381 743 385 750 ·
506 715 574 788 l-V.
594 711 815 787 Multisurium
833 711 975 804 expedit.
1003 711 1167 806 Respediu
1176 713 1241 784 Dei
1251 763 1264 798 ,
1283 714 1338 786 cui
1354 713 1399 784 ita
1413 713 1673 784 demonstramus
1691 707 1882 800 obsequium

507 818 542 888 ἃ
561 815 787 888 reverentiam.
814 813 975 905 Respcdiu
990 813 1143 902 aliorum,
1154 813 1212 907 qui
1228 815 1403 906 praesentes
1419 813 1507 898 sunt,
1520 817 1553 885 ἃ
1563 811 1741 904 conspeetu
1756 831 1882 891 eorum,

510 941 588 1012 quae
610 941 672 988 nos
694 917 861 1008 gerimus,
881 913 1083 986 adsimilem
1100 915 1283 985 exciuntur
1298 916 1526 987 reverentiam.
1565 914 1720 1006 Denique
1742 909 1885 1002 respedu

508 1018 638 1092 nostri:
656 1041 735 1088 nam
756 1016 839 1086 dum
859 1014 969 1108 gestus
989 1015 1114 1109 aliquid
1134 1011 1322 1110 significant
1333 1065 1346 1100 ‚
1373 1014 1554 1088 [uomodo
1574 1012 1668 1090 nobis
1692 1013 1885 1105 loquentem,

513 1117 676 1192 recordari
691 1115 819 1188 fuciunt
836 1141 897 1188 nos
914 1117 989 1188 Deo
1005 1117 1109 1210 loqui.

563 1220 599 1292 X
610 1218 686 1290 LV.
714 1217 935 1290 Pulcherrime
949 1217 985 1289 id
1002 1215 1162 1312 explicuit
1171 1214 1392 1312 Augustinus,
1406 1219 1442 1290 in
1459 1213 1562 1290 Libro
1579 1219 1617 1289 de
1635 1224 1721 1290 Cura
1729 1234 1793 1312 pro
1806 1237 1888 1286 mot·

514 1324 579 1394 tuis
590 1321 742 1415 gerenda.
786 1324 880 1392 Nam
901 1322 944 1393 de
961 1340 1110 1392 orantes,
1128 1320 1260 1412 inquit,
1281 1323 1326 1390 de
1336 1317 1487 1392 membris
1503 1318 1556 1406 sui
1572 1324 1717 1416 corporis
1733 1313 1888 1407 faciunt,

512 1425 597 1516 quod
609 1419 866 1516 ,supplicantibus
883 1425 1055 1513 congruit,
1070 1443 1169 1518 quum
1181 1445 1288 1514 genua
1297 1417 1429 1513 figunt,
1450 1442 1549 1514 quum
1563 1421 1742 1492 extendent
1759 1438 1888 1498 manue.

512 1524 568 1595 ved
583 1526 684 1594 etiam
698 1517 943 1616 prosternuntur
956 1519 1047 1610 solo,
1065 1523 1109 1594 (Γ
1118 1521 1147 1613 fi
1159 1525 1240 1618 quid
1257 1523 1349 1594 atiud
1366 1517 1548 1610 vifibiliter
1559 1518 1716 1610 faciunt:
1736 1519 1888 1614 quamvis

410 1651 414 1658 ¹
511 1647 621 1696 eorum
639 1619 816 1711 invifibiIis
834 1623 985 1693 voluntas
1004 1624 1048 1696 d*
1064 1625 1168 1694 cordis
1186 1623 1325 1693 intentio
1346 1624 1421 1693 Deo
1439 1642 1516 1693 neta
1526 1621 1595 1714 fit:
1621 1646 1679 1692 nee
1695 1618 1751 1690 itte
1767 1621 1887 1710 indige·

509 1743 547 1796 at
560 1723 612 1795 his
628 1723 754 1794 indicir'r
771 1741 810 1794 ut
827 1721 981 1794 humanus
1002 1726 1035 1794 ei
1044 1727 1209 1818 pandatur
1224 1726 1374 1793 animus:
1394 1719 1452 1811 sed
1470 1723 1523 1794 his
1539 1725 1643 1815 magis
1657 1721 1691 1810 se
1708 1717 1813 1815 ipsum
1830 1740 1888 1788 ex-

512 1828 598 1898 citat
612 1823 704 1896 homo
722 1825 763 1892 ad
781 1825 933 1896 orandum
944 1827 1195 1918 gemendumque
1214 1823 1371 1894 humilius
1383 1841 1482 1918 atque
1492 1819 1695 1916 ferventius.
1725 1822 1775 1898 Et
1787 1816 1889 1906 nescio

512 1947 576 2020 quo
595 1925 684 1996 modo
701 1945 799 2018 qurum
818 1924 856 1998 ht'
878 1943 984 1995 motus
1001 1929 1145 2020 corporis
1157 1920 1238 2014 fieri
1254 1970 1265 1997 ‚
1288 1921 1347 2013 uifi
1364 1943 1455 1997 motu
1474 1928 1575 1997 animi
1593 1923 1809 2016 precedente,
1832 1943 1891 1988 non

509 2024 645 2121 pofflntt
665 2026 845 2118 eisdemque
863 2019 972 2110 rursus
990 2029 1141 2113 exterius
1153 2021 1333 2115 vifibilt'ter
1340 2021 1442 2114 fetidis
1454 2027 1510 2098 ilde
1527 2029 1666 2098 interior
1685 2017 1888 2110 invisibilis,

515 2129 574 2221 qui
593 2125 663 2196 idos
678 2121 785 2216 feeit,
805 2143 966 2216 augetur:
987 2148 1024 2194 ac
1042 2143 1102 2221 per
1120 2126 1178 2199 hoc
1200 2127 1305 2197 cordis
1329 2121 1486 2217 uffed'sus,
1507 2131 1565 2224 qui
1576 2170 1588 2207 ,-
1607 2144 1647 2200 ut
1661 2119 1787 2213 fierent
1806 2116 1889 2210 esta.

511 2225 680 2323 preceffit,
699 2227 777 2320 quia
791 2222 883 2316 faita
892 2223 990 2312 sunt,
1009 2226 1134 2316 crescit.
1736 2226 1743 2235 “
1855 2293 1859 2296 ,

273 2410 277 2416 ¹
327 2341 413 2396 trvr.
426 2341 487 2390 nor·
568 2323 719 2398 XLVI.
747 2325 800 2395 De
813 2321 943 2418 speciali
956 2323 1064 2398 forma
1083 2351 1121 2400 ac
1131 2323 1233 2400 modo
1246 2325 1397 2421 gestuum
1413 2324 1496 2417 illud
1512 2328 1547 2399 in
1565 2321 1758 2399 universum
1777 2338 1889 2394 tenen·-
1951 2416 1957 2421 .

328 2405 495 2542 ζζζξξξῖζω
520 2425 601 2498 dum
624 2423 693 2512 est,
718 2425 809 2518 quod
827 2424 916 2497 idem
929 2426 1129 2521 Augustinus
1142 2447 1280 2515 monet,
1304 2429 1440 2503 Variae:
1458 2427 1572 2524 Qus:
1585 2431 1627 2500 ad
1648 2426 1889 2520 simpliciam

328 2557 385 2593 uun
397 2543 478 2622 loco-¹
521 2527 670 2603 libert.
698 2523 808 2619 Qust:
826 2547 881 2599 tv.
908 2531 990 2607 Non
1003 2523 1062 2621 effe
1070 2529 1289 2629 prescriptum
1302 2531 1374 2603 Dei
1391 2529 1508 2603 verbo,
1522 2533 1674 2627 quomedo
1691 2542 1810 2622 corpus
1822 2548 1890 2595 cot·

232 2680 237 2685 -
328 2610 499 2728 fflt‘efflff·
513 2628 676 2713 stituatur
690 2631 731 2701 ud
749 2632 920 2709 orandum,
940 2632 1104 2703 dummodo
1121 2636 1247 2704 animus
1260 2631 1394 2727 presens
1406 2650 1546 2727 peragat
1556 2632 1647 2719 suam
1664 2630 1887 2703 intentionem.

324 2741 464 2797 'wernoni
519 2730 562 2803 Id
576 2747 688 2801 tumen
705 2728 868 2822 agendum
880 2750 917 2800 ut
930 2728 1076 2801 servetur
1092 2730 1249 2803 decorum
1266 2728 1416 2826 personae
1430 2730 1571 2818 nostrae,
1592 2730 1808 2825 &disciplina
1824 2725 1888 2819 ejus

328 2810 421 2883 Μ’
519 2827 673 2905 Ecclesiae
689 2832 725 2901 in
740 2855 806 2923 qua
819 2828 994 2902 versamur.
1021 2830 1120 2903 Nulli
1138 2832 1197 2904 uni
1213 2830 1318 2925 gestui
1335 2855 1474 2919 omnes,
1497 2830 1640 2927 semper,
1660 2830 1833 2921 &ubique
1845 2826 1887 2897 ol-

519 2934 669 3029 ligamur.
696 2932 900 3025 Temporum
916 2933 948 3003 &
962 2932 1138 3030 regionum
1153 2929 1229 3003 usus
1237 2981 1250 3019 ,
1269 2934 1328 3025 qui
1345 2930 1436 3025 srgna
1453 2934 1589 3007 honoris
1602 2935 1692 3006 varie
1706 2928 1885 3027 dispensat.

518 3036 715 3113 varietatem
737 3033 792 3105 hic
809 3059 939 3128 quoque
960 3033 1127 3120 admittit,
1144 3034 1215 3105 imo
1233 3030 1344 3105 infert.
1392 3035 1530 3113 Veteres
1547 3033 1687 3108 Hebraei
1704 3055 1823 3129 operto
1840 3058 1886 3105 ca-

516 3139 586 3231 pite
604 3132 764 3220 orabant,
785 3136 819 3206 &
834 3134 945 3207 benet
972 3135 1051 3227 quia
1068 3134 1103 3207 id
1118 3134 1209 3229 opud
1228 3134 1438 3213 orientales,
1461 3137 1512 3209 uti
1529 3137 1699 3225 olirn,ita
1722 3140 1757 3208 ἃ
1775 3159 1883 3221 nunc,

515 3236 707 3311 reverentiae
724 3230 855 3327 srgnum
875 3252 953 3304 erut.
1003 3234 1077 3307 Nos
1101 3233 1138 3305 in
1159 3236 1343 3309 Occidente
1364 3237 1728 3330 &Septentrionalibus
1747 3240 1883 3331 Europe

514 3335 664 3433 partibus
674 3384 686 3421 ‚
704 3336 923 3407 detritionem
941 3334 1057 3428 capitis
1077 3360 1137 3428 pro
1154 3332 1246 3430 figno
1269 3336 1405 3411 honoris
1431 3362 1523 3410 nunc
1542 3336 1728 3411 habemus:
1747 3338 1883 3433 ideoque

513 3438 643 3511 detesto
662 3436 767 3529 capite
782 3436 844 3507 rite
865 3458 1007 3508 oramus.
1035 3437 1156 3530 Neque
1168 3438 1204 3508 in
1222 3439 1336 3510 eadem
1355 3440 1504 3532 quumvis
1523 3441 1656 3534 regione
1667 3438 1826 3513 omnibus
1841 3440 1883 3511 lo-

511 3539 560 3612 eis
577 3536 765 3633 &personis
782 3536 896 3617 eadem
914 3536 1131 3615 conveniunt.
1157 3538 1269 3630 Major
1286 3538 1332 3611 est
1348 3538 1479 3613 libertae
1493 3540 1532 3611 in
1548 3541 1699 3636 precibus
1719 3540 1880 3619 solitariis,

512 3640 573 3713 ubi
591 3638 681 3735 sequi
699 3638 775 3710 licet
792 3636 955 3711 sacrorum
968 3639 1231 3712 commotionem
1246 3633 1450 3722 affediuum5
1473 3666 1573 3736 quem
1590 3642 1627 3714 in
1646 3642 1758 3727 sociis,
1778 3643 1883 3715 dome-

513 3741 621 3825 sticis,
640 3756 698 3813 aut
715 3736 951 3825 ecclesmsticis,
966 3740 1027 3812 ubi
1041 3741 1146 3834 magis
1163 3741 1400 3813 attendendum
1412 3742 1453 3813 ud
1467 3734 1507 3814 ed
1523 3727 1672 3848 tegitur,
1692 3746 1725 3816 dt
1746 3740 1881 3816 oedifim

513 3844 642 3917 tionem
658 3841 811 3913 aliorum.
851 3842 890 3913 ln
904 3840 1027 3913 talibus
1046 3842 1201 3914 omnium
1221 3840 1477 3915 commodiffimi
1491 3844 1641 3915 censendi
1661 3843 1739 3917 sunt
1756 3845 1804 3915 illi
1818 3868 1882 3917 cor.

401 3956 404 3965 ’
514 3944 604 4039 poris
617 3941 737 4035 gestum
749 3941 806 4035 qui
825 3942 861 4013 in
871 3939 964 4015 sumis
975 3943 1077 4014 literis
1094 3942 1217 4014 laudati
1234 3941 1310 4016 sunt
1322 3945 1354 4016 ἃ
1368 3944 1610 4020 commendati:
1625 3947 1677 4017 uti
1689 3944 1882 4039 genuflexio,

517 4062 574 4118 aut
590 4042 707 4129 statio,
725 4066 887 4116 manuum
908 4038 1084 4139 expunsro:
1105 4046 1139 4115 &
1155 4040 1286 4118 similet:
1310 4046 1392 4125 Duo
1408 4045 1462 4120 hic
1480 4046 1611 4122 vitandi
1633 4044 1780 4144 scopuli3
1799 4046 1882 4120 secu·

435 4170 440 4175 ·
516 4170 556 4224 ra
571 4146 809 4241 prophanitas,
833 4146 981 4221 &enixu
999 4143 1192 4242 superstitio.
