4150 5150
313 551 316 556 Ι
653 447 724 521 ,De
742 423 947 525 Remissionb
961 441 1175 524 Debitotum.
1288 479 1290 489 ·
1531 470 1601 549 155

176 637 183 645 ·
220 595 483 905 Plitfecia
500 599 727 700 omnibusque
742 609 891 682 numeris
919 605 1150 680 consummata
1159 601 1308 678 hominis
1331 597 1511 696 peccatoris
1522 594 1600 670 bea·
1612 628 1635 674 r.
1653 568 1769 676 cirria}

377 700 493 774 titudo
510 701 640 778 duabus
662 705 810 800 partibus
828 697 1032 783 absolvinu:
1049 710 1157 802 primo
1171 703 1350 780 collatione
1365 701 1475 774 omnis
1494 699 1598 784 boni,
1613 691 1788 812 25⁸¹¹⁰¹¹gs³⁸

269 854 277 872 s
299 863 302 875 .
377 801 497 874 deinde
509 801 678 892 ablatione
691 809 902 881 omnismali.
953 807 1242 904 Quandoquidem
1256 803 1448 889 beatitudo,
1460 801 1599 876 Boe'thio
1614 775 1744 880 coines

350 896 505 991 sinitote,
528 905 575 977 est
585 901 688 980 status
705 905 876 982 bonorum
889 913 1046 984 omnium
1058 910 1290 1006 aggregatione
1313 902 1500 1002 perfeetum
1525 889 1763 1014 beaaflgfflss

88 1102 89 1105 Ἴ
217 1021 272 1076 tus
290 1000 412 1077 censeri
434 1031 505 1077 non
516 1027 680 1094 meretur,
695 1011 749 1082 cui
762 1010 892 1084 boumn
905 1013 1040 1107 aliquod
1058 1011 1146 1084 deest
1161 1011 1256 1104 cujus
1270 1004 1429 1106 desiderio
1445 1024 1598 1097 torquea—
1612 1028 1658 1079 en.

133 1052 190 1160 ο
217 1124 284 1177 tur.
311 1106 414 1178 Porro
427 1132 534 1201 quum
556 1111 718 1204 exiguum
748 1113 885 1208 aliquod
905 1113 1034 1186 malum
1055 1109 1203 1184 sufficere
1224 1127 1325 1205 queat
1342 1105 1384 1178 ad
1410 1103 1599 1179 obtunderr-
1661 1111 1667 1116 ’

217 1207 302 1280 dum
316 1205 447 1280 sensum
465 1209 665 1305 gustumque
675 1214 900 1306 plurimorum
914 1216 1185 1287 &maximorum
1201 1209 1393 1288 bonorumt
1421 1207 1454 1278 id
1468 1233 1600 1302 quoque

217 1308 260 1379 ad
280 1307 496 1382 beatitudinis
520 1311 842 1387 consummationem
860 1317 1059 1410 requiritur,
1081 1319 1121 1388 ut
1141 1313 1254 1386 nulius
1273 1312 1310 1382 in
1335 1335 1373 1382 ea
1388 1309 1468 1382 maii
1492 1307 1600 1381 sensus

219 1431 402 1484 remaneat.
430 1411 616 1486 Fatendum
628 1418 747 1511 utique
758 1417 1099 1510 est‚tam·perfeciam
1109 1413 1299 1488 felicitatem
1312 1411 1397 1484 nulli
1408 1411 1601 1484 mortalium

216 1510 257 1582 in
279 1512 341 1588 bac
367 1512 438 1584 vita
458 1515 659 1608 contingere.
707 1518 912 1590 Sedunum
925 1515 1066 1590 firmiter
1077 1518 1258 1590 tenendum
1272 1513 1377 1599 ‚hanc
1387 1511 1447 1584 effe
1457 1511 1602 1606 Religio·
1634 1600 1638 1608 g

182 1653 185 1658 ι
218 1613 274 1684 nis
292 1611 491 1686 Christianae
506 1639 577 1708 prae
594 1618 720 1689 caeteris
730 1617 1181 1714 omnibusquorumcunque
1205 1615 1406 1710 populorum
1420 1613 1547 1708 placitis
1562 1636 1600 1687 ac

218 1713 434 1808 dogmatibus
457 1717 734 1808 praecellentiam
754 1742 794 1792 ut
808 1716 949 1794 finceros
965 1719 1014 1792 sui
1042 1717 1283 1816 professoresad
1306 1713 1495 1810 supremum
1515 1713 1600 1787 illud

97 1899 101 1904 .
218 1813 433 1888 beatitudinis
446 1818 887 1916 cutmencertisquibusdam
900 1821 1056 1918 gradibus
1071 1835 1280 1916 promoveat.
1307 1819 1400 1888 Dum
1414 1817 1600 1888 etiamnum

217 1916 366 1990 interris
391 1938 659 2007 commorantur,
694 1924 787 1994 Deus
808 1923 840 1995 se
859 1925 984 1997 virtute
1011 1919 1142 2017 gratiosi
1158 1919 1292 1996 foederis
1313 1918 1429 1991 iiscum
1448 1941 1602 1990 commu·

191 2094 195 2108 ,
217 2017 330 2106 nicat,
350 2015 444 2092 ficut
462 2020 594 2114 gloriari
612 2021 653 2094 iis
678 2023 793 2109 liceat,
815 2027 957 2117 Jebova
967 2031 1079 2122 portio
1091 2049 1165 2098 mea
1183 2021 1245 2109 ed,
1265 2025 1377 2118 inquit
1394 2024 1502 2092 anima
1512 2043 1597 2104 mer.

215 2119 300 2193 Thr.
318 2145 397 2195 111.
416 2141 474 2217 24.
503 2124 601 2214 ⁷Deus
615 2143 729 2199 autem
749 2125 795 2198 est
805 2125 938 2206 omnia:
951 2126 1114 2221 quidquid
1125 2123 1205 2196 olibi
1214 2121 1297 2195 boni
1310 2121 1489 2216 reperitur,
1502 2118 1600 2214 quid·
1687 2147 1690 2154 ·

216 2220 298 2317 quid
315 2219 398 2294 boni
407 2225 537 2296 animus
552 2225 607 2299 vel
620 2227 798 2321 cogitando
827 2223 1033 2322 fibifingere
1048 2225 1178 2322 potest,
1203 2221 1393 2296 universum
1413 2222 1498 2293 illud
1516 2219 1600 2293 emi·

217 2343 335 2397 uenter
361 2326 399 2395 in
416 2323 572 2408 Deo'est3
589 2331 649 2422 qui
666 2329 789 2402 idciroo
810 2326 877 2400 suis
893 2327 941 2400 est
960 2355 1082 2402 merces
1090 2329 1186 2402 odlde
1197 2350 1321 2420 magna.
1349 2323 1413 2396 Sed
1431 2321 1514 2396 &in
1522 2323 1599 2395 Deo

217 2427 383 2520 protectio
412 2426 460 2498 est
474 2445 588 2500 contra
598 2455 702 2502 omne
722 2431 860 2504 malum.
912 2430 1037 2504 Idcirco
1054 2427 1085 2502 se
1105 2427 1239 2502 suorum
1258 2425 1341 2498 dicit
1359 2420 1420 2498 effe
1435 2427 1601 2522 clypeum,

217 2527 277 2623 qui
300 2551 440 2601 omnem
457 2529 538 2602 mali
554 2531 719 2625 impetum
733 2533 781 2606 itu
792 2533 828 2605 in
839 2529 871 2606 se
879 2531 1014 2626 recipit,
1025 2545 1097 2605 uta
1111 2529 1175 2603 suis
1183 2527 1374 2603 abmoveat.
1394 2527 1482 2601 Gen.
1492 2549 1551 2599 xv.
1565 2547 1598 2600 1.

216 2631 386 2703 Caeterum
403 2629 529 2704 etiamsi
543 2634 631 2733 ¹haec
654 2636 771 2707 omnia
788 2630 1022 2730 perfectiss'une
1041 2634 1078 2705 in
1101 2630 1258 2705 stuitione
1282 2630 1348 2705 Dei
1373 2626 1457 2714 sint,
1480 2626 1599 2701 fruitio

216 2746 331 2805 umen
346 2733 414 2805 Dei
431 2732 541 2807 inhac
556 2736 629 2809 vita
644 2762 717 2810 non
740 2736 788 2810 est
806 2734 961 2831 perfetta.
999 2735 1146 2829 Ideoque
1157 2732 1281 2828 semper
1292 2731 1420 2827 aliquid
1444 2728 1527 2803 boni
1545 2752 1600 2801 re·

218 2850 352 2917 manet,
364 2833 456 2927 quod
473 2853 624 2926 petamus
635 2864 647 2918 t
660 2836 787 2933 semper
802 2838 931 2934 aliquid
942 2838 1044 2924 mali,
1071 2835 1163 2931 quod
1177 2835 1400 2929 deprecemur.
1427 2826 1599 2903 Doneoad

113 2987 120 2997 .
215 2931 673 3030 persediamDeifruitionem
682 2939 844 3033 promoti,
855 2940 951 3012 omni
959 2938 1052 3011 bono
1062 2932 1339 3009 abundantissime
1350 2932 1515 3018 satiemur,
1529 2927 1600 3003 stne

213 3033 484 3111 ullomaiisensu
506 3055 566 3110 aut
575 3056 682 3111 metu.
709 3039 762 3112 Ad
773 3037 1101 3113 tantamfelicitatern
1110 3037 1285 3132 discipulos
1294 3034 1369 3109 suos
1380 3035 1440 3107 hac
1451 3033 1602 3107 oratione

218 3136 352 3212 deducit
371 3135 476 3233 Jesus.
503 3140 617 3212 Primo
627 3140 720 3213 enim
742 3139 837 3226 iubet
854 3166 894 3213 ea
909 3138 1002 3214 bona
1024 3140 1116 3213 votis
1137 3158 1307 3233 expetere,
1330 3160 1475 3233 quorum
1486 3134 1601 3228 primi-

214 3241 276 3313 tiae
290 3239 333 3310 ad
348 3261 425 3311 eam
434 3238 678 3315 beatitudinem
691 3237 879 3329 sufficiunt,
891 3242 985 3336 cujus
999 3242 1073 3315 haec
1080 3242 1151 3314 vita
1164 3264 1269 3337 rapax
1283 3238 1347 3313 est,
1365 3238 1440 3310 &in
1452 3258 1598 3331 quorum

215 3342 315 3437 plena
331 3338 488 3414 fruitione
501 3344 612 3417 omnis
632 3342 680 3415 est
696 3340 847 3415 desiderii
864 3342 1006 3417 satietas.
1043 3341 1137 3419 Nam
1145 3340 1295 3437 profecto
1316 3340 1374 3435 qui
1392 3340 1505 3411 Deum
1524 3360 1597 3431 per·
1647 3338 1650 3345 “

216 3444 302 3516 fede
316 3440 545 3537 cognoscendo
562 3446 596 3518 dr
608 3444 755 3538 perfetio
770 3440 1126 3519 amandosanuifican
1144 3444 1203 3537 qui
1209 3444 1304 3517 omni
1314 3442 1424 3535 Regni
1435 3438 1600 3531 Dei'opu-

215 3544 319 3617 sentia
336 3543 576 3637 locupletatur,
603 3546 661 3639 qui
678 3544 864 3620 coelestibus
884 3546 1075 3641 aggregatus
1101 3544 1205 3639 geniis
1228 3542 1276 3616 ita
1301 3559 1340 3615 ut
1362 3540 1414 3613 illi
1436 3542 1475 3612 in
1504 3538 1603 3612 omni

214 3646 393 3722 voluntate
406 3644 670 3739 Deiacquiescit,
682 3648 714 3720 ei
730 3647 813 3743 quid
824 3648 992 3722 bonorum
1000 3642 1085 3719 desit
1093 3668 1194 3718 nemo
1200 3642 1294 3719 facile
1308 3641 1438 3729 dixerit.
1465 3640 1599 3717 Deinde

204 3742 313 3823 'docet
329 3747 499 3819 Dominus
515 3746 818 3843 deprecarieaquae
834 3746 1018 3823 malasunt
1038 3748 1211 3821 Malorum
1219 3763 1330 3819 autern
1343 3744 1617 3848 omniumcomg
1674 3764 1677 3771 ’

84 3897 89 3913 ‚
160 3928 166 3939 Ι
215 3848 379 3948 pendium
397 3850 435 3920 in
451 3870 586 3942 peccato
598 3849 656 3923 est
687 3851 791 3923 Porro
811 3850 848 3923 in
863 3868 998 3946 peccato
1018 3847 1215 3923 considerari
1227 3845 1360 3942 potest,
1396 3864 1504 3918 reatus
1529 3868 1599 3939 quo

215 3976 279 4025 nos
293 3948 469 4023 obstrictos
486 3968 579 4023 tenet
601 3952 645 4025 ad
661 3952 995 4038 condemnationem,
1021 3955 1056 4025 dc
1083 3952 1292 4045 tyrrannicum
1311 3947 1499 4023 dominium
1530 3969 1605 4040 quo

214 4048 280 4125 fibi
293 4048 428 4125 miseros
448 4050 630 4147 mancipat.
667 4052 834 4127 Adversus
852 4073 1032 4148 utrumque
1049 4053 1149 4149 igitur
1166 4050 1316 4147 precibus
1328 4050 1447 4123 nostris
1463 4048 1600 4141 vigilare

214 4150 383 4245 jubemur.
422 4151 517 4226 Nam
535 4154 644 4249 neque
672 4154 814 4229 alterum
833 4154 878 4227 ab
897 4156 1003 4229 altero
1024 4152 1160 4251 separari
1178 4151 1304 4248 potest,
1343 4153 1376 4225 dc
1403 4150 1601 4225 alterutrum

217 4244 383 4327 sufficeret
410 4252 453 4325 ad
468 4280 532 4328 nos
547 4256 644 4329 omni
666 4254 837 4333 bonorum
856 4258 922 4331 Dei
932 4256 1184 4352 'participatione
1209 4252 1444 4333 excludendos.
1490 4250 1604 4324 Primo
1643 4298 1667 4318 Γ

220 4369 343 4426 autem
355 4369 488 4429 oramus
498 4354 654 4430 adversm
675 4375 805 4433 reatum
834 4380 1044 4455 peccatorum
1057 4356 1241 4431 nostrorum
1256 4356 1414 4449 petitione
1425 4352 1552 4449 quinta,
1567 4352 1605 4423 in
1622 4354 1625 4357 ’

216 4456 293 4530 haec
309 4455 437 4560 qerba:
470 4458 775 4542 Raurrrrnonrs
801 4482 939 4539 nutri
956 4480 1121 4559 nonno.
1149 4478 1314 4539 810qu
1333 4472 1606 4561 uosneurarr·
1646 4526 1648 4531 ,

84 4580 96 4595 ‘
217 4565 768 4641 umorrnonuusnosruc*

323 4694 330 4705 ·
963 4656 1048 4743 Ua
1180 4662 1183 4669 ’
1285 4758 1291 4765 ·
1454 4660 1498 4758 Π.
1523 4655 1604 4729 Duo
