4150 5150
645 444 1020 546 ,brunantun
1038 409 1116 522 aa.
1165 455 1171 469 1
1510 465 1579 542 m

207 619 250 680 ert
266 591 398 693 proprie
409 593 453 670 ad
470 621 548 693 opat
564 595 663 692 bajus
678 600 772 696 regni
787 585 1001 696 pertinentem
1015 599 1128 674 multo
1140 587 1255 672 minus
1269 614 1308 674 ut
1322 621 1377 674 eas
1391 593 1579 676 absolvant

208 700 303 792 Nam
322 701 492 794 quantivis
514 700 612 794 pretii
631 699 712 772 alibi
726 699 790 775 elie
809 703 1003 790 videantur,
1017 701 1072 774 hic
1090 699 1190 772 nimis
1207 700 1304 772 exilia
1314 750 1327 788 ‚
1350 701 1484 787 tenuia,
1499 701 1581 774 vilia

208 799 310 886 futu,
329 825 429 893 quam
443 817 483 872 ut
494 802 532 872 in
543 800 680 874 censum
695 803 844 876 veniant
873 804 937 876 Sed
955 804 1036 897 quia
1053 798 1149 875 nobis
1164 799 1359 874 mortalibus
1373 803 1518 896 pretium
1529 826 1579 874 te·
1597 839 1602 850 «

206 917 283 974 mm
306 901 524 994 spiritualium
539 921 641 997 atque
658 902 840 977 coelestium
859 905 919 976 vix
939 904 1032 977 aliter
1051 903 1189 977 iudicari
1201 901 1327 1024 potesq,
1348 927 1449 996 quarn
1464 923 1581 976 earum

131 1015 137 1021 ”
205 1027 318 1074 terum
335 1004 600 1095 comparatione,
624 1028 729 1098 quas,
748 1029 820 1078 non
835 1005 912 1078 dico
929 1029 1030 1097 quam
1048 1001 1229 1097 sapienter,
1247 1029 1319 1099 prae
1337 1004 1407 1076 aliis
1422 1001 1578 1078 omnibns

205 1121 321 1176 umen
334 1099 499 1178 aestimate
515 1101 668 1176 solemnis.
702 1106 796 1198 Opes
810 1106 911 1200 buius
929 1105 1021 1200 regni
1040 1103 1116 1178 sunt
1128 1102 1272 1178 uerbum
1291 1105 1357 1178 Dei
1375 1106 1412 1178 in
1426 1101 1581 1178 saniliori

196 1205 311 1288 aninri
324 1204 447 1276 aerario
466 1201 657 1299 repositum.
694 1204 743 1278 Ps.
757 1225 863 1281 cx1x:
877 1226 938 1300 72·
978 1206 1021 1282 Et
1037 1204 1194 1298 sapientia
1211 1203 1385 1300 spititualis
1402 1205 1480 1278 inde
1497 1205 1580 1278 hau·

205 1305 266 1382 sta
298 1302 377 1400 Job.
393 1327 538 1402 mut
554 1332 563 1376 :
581 1329 639 1399 ις.
672 1307 770 1380 Pron.
790 1307 1029 1411 3112'1415.
1066 1306 1112 1379 Et
1126 1305 1240 1404 petiae
1259 1305 1398 1381 Divinae
1419 1305 1550 1380 ubertas
1563 1359 1578 1388 ,1

143 1466 147 1470 .
201 1407 299 1496 cujus
316 1405 373 1478 uel
392 1404 531 1478 minirna
544 1407 673 1502 guttula
685 1409 788 1480 totiru
807 1405 953 1482 universi
973 1431 1054 1478 auro
1075 1425 1190 1480 contra
1204 1431 1275 1478 non
1291 1408 1391 1479 chara
1410 1405 1465 1482 est.

261 1507 348 1580 XL
378 1504 597 1600 Elegantibus
622 1506 782 1599 symbolis
811 1509 886 1582 haec
911 1527 1125 1602 exponuntur
1153 1507 1272 1604 Jerem.
1295 1531 1407 1582 xxx1:
1431 1529 1489 1584 12.
1512 1529 1569 1604 14
1586 1507 1637 1562 ¹¹⁴·
1651 1506 1745 1575 Μ’·
1826 1549 1833 1558 ›

199 1607 377 1682 inscientes
391 1605 567 1680 cantabam
576 1613 616 1680 in
630 1610 752 1700 exeeifir
762 1613 896 1696 Sionis,
920 1611 965 1684 ei*
980 1603 1140 1699 confluent
1156 1613 1198 1682 ad
1216 1607 1396 1689 bonitatem
1407 1609 1572 1701 Jehovae,
1584 1585 1762 1706 ἔξω*
1875 1647 1894 1658 -

201 1711 243 1782 ed
255 1708 482 1800 frumentum,
503 1712 548 1782 du
563 1706 698 1792 murium
711 1762 723 1795 ,
738 1713 786 1789 ό*
803 1713 929 1792 oleum,
945 1713 989 1782 od
1001 1706 1103 1801 futur
1111 1714 1223 1803 gregis
1241 1711 1284 1784 Θ*
1301 1715 1442 1782 armenti
1457 1753 1469 1790 ,
1488 1713 1573 1784 erit·

202 1833 266 1905 que
287 1813 395 1881 mima
420 1833 529 1908 aarum
547 1807 674 1902 surrilis
688 1811 788 1886 horre
812 1814 965 1906 irriguo,
990 1831 1092 1905 neque
1110 1828 1247 1906 pergent
1266 1834 1397 1884 merere
1418 1809 1573 1906 amplius.

101 1933 106 1942 ’
200 1912 251 1982 Er
267 1907 415 2002 irrigabo
428 1913 566 1982 animam
582 1909 791 1996 Sacerdotem
803 1914 1017 2008 pinguedine,
1027 1913 1072 1984 (Ψ
1082 1911 1221 2005 populus
1238 1934 1326 1982 meus
1343 1909 1490 2002 bonirne
1503 1934 1574 1984 mee

196 2007 435 2100 saturabuntur
450 2061 467 2090 ,
482 2010 605 2082 uuum
620 2011 775 2106 jehova.
825 2009 867 2084 In
883 2014 1001 2092 Sione,
1017 2013 1068 2103 uti
1084 2033 1200 2082 omnes
1220 2012 1402 2096 novimus,
1425 2006 1570 2082 aedifica-

196 2127 274 2196 tum
289 2109 458 2204 templum
477 2131 557 2181 erae
593 2111 777 2204 Templum
797 2109 905 2206 ipsum
921 2111 1051 2184 caeteris
1067 2108 1216 2204 partibus
1236 2109 1344 2184 Sionis
1366 2109 1490 2198 celfius.
1531 2111 1573 2184 In

199 2211 347 2306 Tetuplo
366 2211 597 2291 sannionum
618 2209 731 2286 celsius
746 2215 856 2286 Atriis
884 2213 1103 2286 resinatum
1119 2211 1315 2284 Sansiorum
1334 2209 1488 2283 omnium
1509 2211 1573 2288 cel·
1798 2253 1804 2260 -

197 2308 374 2388 fiffimum.
409 2309 559 2386 ismelitis'
577 2310 812 2388 connnuuibus
829 2311 921 2388 nefas
941 2331 1011 2384 etat
1027 2311 1164 2384 ulterius
1185 2337 1286 2406 quam
1303 2313 1342 2384 in
1360 2312 1454 2384 Atrio
1471 2309 1503 2384 se
1521 2313 1582 2384 in-'
1620 2309 1629 2320 '
1726 2327 1733 2336 '

195 2439 316 2510 gerere
353 2413 438 2486 Solis
450 2411 684 2488 Sacerdotibus
701 2413 822 2505 licebat
837 2415 873 2486 in
888 2413 1143 2499 sannuuium,
1162 2429 1262 2508 atque
1280 2413 1349 2487 Uni
1364 2409 1516 2486 Pontifici
1534 2411 1572 2488 iu

197 2517 358 2593 sanem
375 2515 572 2589 Senonum
587 2515 707 2611 pedem
723 2535 907 2612 penetrare
935 2513 1151 2590 sacerdotum
1177 2514 1277 2589 etiam
1297 2531 1411 2601 etant,
1435 2537 1513 2609 quae
1534 2512 1571 2589 in

196 2618 334 2695 Sionem
352 2614 608 2698 conserebantur
631 2644 739 2715 neque
756 2618 917 2691 oedebant
934 2616 1054 2698 altatis
1079 2641 1160 2711 eaqu
1194 2616 1332 2711 ,quum'
1352 2615 1503 2688 Domino
1523 2612 1572 2687 sa-
1674 2650 1677 2655 ·

197 2736 290 2795 etam
306 2714 431 2804 edent,
451 2722 589 2793 Domini
608 2718 690 2793 bonu
706 2738 954 2815 nuncupantur.
988 2719 1033 2792 At
1049 2718 1104 2791 hie
1121 2743 1166 2815 pr¹
1219 2718 1332 2803 'citur‚
1350 2718 1387 2789 in
1409 2710 1570 2811 spiiituali
1719 2760 1726 2771 -

196 2821 302 2895 iliitoc
318 2818 389 2890 Dei
406 2842 506 2911 regno
524 2844 642 2894 omnes
662 2847 758 2896 veros
778 2819 965 2908 Isiuilitas‚
989 2820 1056 2893 hoc
1078 2818 1125 2893 est
1150 2814 1289 2891 sinceros
1310 2814 1459 2890 subditos
1479 2866 1491 2905 ‚
1513 2816 1569 2890 Sa·

195 2920 368 3001 cerdotum
381 2916 550 3013 gavisuros
564 2918 625 2993 elle
642 2921 925 3014 praeuninentiis,
946 2920 1069 3016 quibus
1086 2944 1159 2995 non
1179 2925 1305 2993 Sionem
1318 2916 1446 2999 salum,
1466 2914 1519 2991 sed
1535 2918 1583 2990 se.

197 3022 372 3111 Exceddiem
388 3025 495 3095 Sionis
512 3019 726 3101 conscendere
736 3023 854 3109 liceat,
868 3018 1164 3097 nullacelsrtudine
1177 3036 1332 3115 excepta¹
1345 3016 1458 3115 ibique
1469 3014 1570 3091 uber-

196 3128 262 3209 tim
279 3124 319 3195 iis
331 3120 429 3196 bonis
442 3118 506 3193 frui
520 3146 598 3217 quae
618 3146 661 3194 ex
678 3122 892 3210 inexhausta,
909 3112 1113 3217 benignitate
1132 3120 1189 3193 sua
1199 3120 1329 3193 intimae
1337 3118 1570 3193 familiaritatis

197 3224 312 3306 amicis
328 3222 463 3317 largitur
481 3219 594 3303 Deuca
614 3248 659 3295 ne
674 3227 868 3321 pinguedine
883 3224 1018 3319 quidem
1035 3223 1171 3309 demta,
1190 3246 1292 3317 quam
1310 3221 1392 3293 olim
1413 3245 1480 3297 atae
1499 3220 1571 3293 suae

195 3326 438 3421 reservaverat,
455 3321 505 3395 ibi
522 3324 741 3401 cremandam.
769 3325 856 3414 Quis
869 3349 942 3398 non
959 3326 1087 3418 adhaec
1104 3322 1288 3397 exclamet:
1310 3324 1445 3420 siquam
1463 3322 1570 3395 multe

144 3446 150 3457 ’
195 3427 242 3513 est
260 3424 389 3519 bonitas
405 3444 492 3507 tua,
508 3448 606 3522 quarn
620 3430 765 3501 retondis
781 3425 1009 3502 reverentibus
1025 3426 1088 3499 rei
1113 3427 1258 3523 opereris
1273 3447 1351 3519 erga
1369 3449 1441 3505 eos,
1462 3424 1521 3519 qui
1535 3420 1570 3507 se

194 3531 362 3625 recipiunt
378 3526 420 3597 ed
437 3543 472 3597 te
484 3554 503 3611 2·
515 3550 623 3599 coram
637 3524 726 3616 filiis
746 3527 943 3601 hominurn?
966 3522 1017 3601 Ps.
1034 3549 1142 3599 mr:
1158 3544 1215 3601 20.
1244 3520 1419 3599 Uberrime
1440 3524 1570 3619 explen-

102 3641 106 3649 '
193 3651 254 3707 tarr
265 3628 461 3727 pinguedine
476 3628 587 3698 domus
601 3646 666 3699 tue
674 3678 688 3715 ‚
706 3621 751 3703 dr
764 3630 803 3701 de
816 3636 962 3701 torrente
979 3626 1319 3700 deliciarumtuarum
1333 3620 1502 3696 bibendum
1515 3624 1571 3693 der

193 3735 253 3805 eit.
280 3726 331 3805 Ps.
348 3745 479 3799 xxxvl:
495 3747 531 3814 9.
558 3726 712 3800 Ridicula
731 3727 866 3823 quidem
885 3728 960 3799 haec
984 3726 1092 3820 videri
1113 3722 1239 3821 possent
1257 3720 1447 3809 hominibus
1472 3720 1571 3814 hujus

193 3828 308 3915 seculi,
321 3853 391 3901 non
402 3824 702 3901 aestimantibus-res
712 3826 827 3901 nisiex
839 3830 880 3900 iis
891 3826 1138 3925 qtraeinoculos
1149 3828 1336 3911 incurrunt,
1351 3820 1500 3897 &sensus
1514 3822 1572 3895 ad-

99 3934 100 3937 ’
194 3928 323 4007 ficiunt.
349 3929 478 4003 Verum
492 3952 553 4000 nos
569 3929 708 4011 melius,
727 3924 856 4017 motu,
868 3930 1116 4029 nonspeiiamus
1135 3954 1173 4003 ea
1184 3952 1253 4025 que
1264 3945 1451 3999 cernuntur,
1458 3924 1516 4013 sed
1531 3948 1570 3997 ee

194 4056 266 4131 que
276 4054 336 4105 non
346 4048 533 4102 renrunturt
545 4054 695 4127 namque
704 4051 881 4105 canuntur
892 4034 1089 4126 temporaria
1095 4029 1220 4119 srrnnar
1230 4052 1298 4125 qne
1311 4052 1370 4100 non
1382 4043 1572 4099 cernuntur.

99 4168 100 4172 ¹
194 4152 328 4209 nonas
346 4131 458 4207 acor:
474 4143 603 4217 1v218.
620 4130 704 4206 Non
717 4124 1065 4225 diffitemur,regnum
1077 4130 1143 4203 Dei
1154 4128 1213 4202 else
1224 4152 1423 4223 pauperum·
1436 4122 1490 4197 sed
1509 4124 1569 4195 hos

192 4251 355 4335 pauperes
368 4230 468 4324 elegit
482 4236 577 4305 Dens
587 4232 830 4325 urdiniresfinr
840 4237 875 4305 in
881 4230 950 4321 fide
959 4234 1002 4307 du
1016 4232 1153 4305 heredes
1167 4234 1257 4325 regni
1271 4232 1354 4325 quad
1362 4224 1512 4323 promisit
1524 4229 1571 4297 iis

195 4336 256 4435 qui
275 4332 377 4427 ipsunt
386 4332 540 4427 diligunt.
566 4332 634 4427 Jac.
650 4356 708 4407 112
720 4356 753 4426 5.
778 4334 887 4428 Atque
899 4332 975 4404 istas
986 4328 1162 4426 spiritualis
1176 4328 1425 4425 regnidivitias,
1443 4324 1571 4421 quas&
1599 4358 1603 4373 ν

199 4432 399 4531 pauperrimi
422 4431 622 4526 participant
631 4484 646 4523 ‚
663 4431 820 4507 omnibus
841 4430 947 4509 censs
966 4428 1136 4529 Crassique
1148 4430 1265 4506 bonis,
1286 4424 1443 4503 omnibus
1462 4422 1572 4499 Persa-

198 4558 277 4611 fflm
294 4533 407 4629 guise
431 4534 631 4612 immensum
644 4536 807 4634 quesitum
822 4532 1046 4614 anteferimus.
1082 4534 1203 4613 Rideat
1218 4528 1382 4618 mundus,
1398 4526 1452 4603 sed
1472 4526 1572 4600 &vi-

199 4634 300 4727 deam
320 4632 561 4717 &intabescat
775 4634 779 4639 ’
934 4631 1019 4727 Q'z
1227 4632 1232 4645 '
1362 4632 1365 4639 ’
1466 4626 1577 4705 XLI.¹
