4150 5150
488 415 561 494 258
892 448 898 457 ·
1007 390 1225 475 minum
1246 388 1384 477 XVIII.

490 518 664 599 extollere
674 517 785 597 liceat
820 510 907 598 Luc.
925 540 1011 597 srxr.
1027 535 1085 610 28.
1123 520 1199 623 lpse
1212 516 1479 621 deprecationes
1494 514 1570 595 haas
1580 512 1787 619 quastsutdo
1798 514 1880 595 Nu-
1943 574 1947 580 -

493 620 584 702 mini
611 620 792 705 occinuit,
818 633 860 695 ut
874 642 942 695 nos
960 621 999 695 In
1016 620 1164 709 nostris,
1190 623 1322 719 quasin
1332 622 1481 697 nomine
1495 615 1598 717 ipfius
1614 621 1879 715 concepimus,

326 716 338 727 ”
494 720 632 825 semper
648 718 886 795 exaudiamur.
917 714 1003 817 1J0.
1018 743 1050 793 v.
1069 745 1124 815 14
1167 716 1243 817 lpse
1260 718 1376 818 aDeo
1394 718 1546 794 desertus
1572 716 1638 803 est,
1664 740 1794 791 nenos
1813 740 1881 793 un-

500 842 603 911 ‚uam
617 816 823 893 deseramur.
859 814 925 915 Jes.
939 840 1039 893 xux.
1060 842 1115 913 15.
1140 816 1215 917 lpse
1229 818 1384 917 denique
1401 816 1572 917 qnumad
1588 816 1719 916 lnleroa
1736 814 1882 891 descen·

494 844 683 1005 derithinc
694 914 777 991 coeli
788 915 892 991 nobis
904 918 1059 992 maxima
1071 928 1175 1017 porta
1187 913 1421 1017 patetthuo
1433 914 1613 992 descensus
1621 916 1696 1010 ejus
1706 912 1881 990 humiliot

495 1018 574 1117 l'uit,
593 1040 638 1092 eo
652 1012 1035 1092 sublimiorcmnecelle
1048 1016 1097 1091 est
1109 1015 1262 1113 gloriam
1274 1039 1353 1091 eam
1361 1013 1426 1090 elie
1440 1037 1548 1113 quam
1556 1014 1667 1089 nobis
1680 1014 1822 1089 meruit

544 1112 677 1193 XLIV.
710 1112 769 1192 Ill.
799 1122 879 1187 Fecit
896 1134 935 1186 ut
956 1142 993 1185 ne
1005 1122 1039 1186 in
1049 1115 1116 1207 ipfis
1126 1118 1252 1213 quidem
1268 1116 1448 1207 trepidantia
1465 1122 1562 1186 animi
1577 1113 1733 1209 angoribss
1743 1112 1880 1202 solmnen

486 1217 553 1307 sui
568 1212 686 1313 deeffit.
735 1212 870 1309 Negari
888 1214 1034 1313 nequit,
1059 1215 1148 1314 quin
1164 1214 1201 1289 dc
1218 1215 1286 1312 piis
1302 1236 1563 1312 nonnunquam
1576 1212 1636 1288 sua
1651 1210 1881 1289 tenebrarum

495 1308 656 1402 horafit,
684 1312 839 1411 qua&a
863 1308 1022 1391 Diabolo
1048 1325 1241 1401 vexentur,
1271 1313 1309 1387 ἃ
1333 1312 1528 1388 terroribus
1544 1311 1744 1387 inferorum
1754 1334 1882 1387 excru-

495 1416 655 1503 cientur,
687 1408 848 1489 &aDeo
861 1410 1295 1511 serelidlosquiritentur:
1319 1411 1608 1487 attamen&tum
1619 1408 1774 1499 habent,
1803 1432 1880 1509 quo

494 1512 528 1596 se
551 1510 745 1611 angoribus
769 1508 897 1588 Christi
916 1508 1166 1607 Consoleutur.
1194 1508 1243 1591 ,1.
1283 1508 1384 1596 Nihil
1397 1511 1493 1586 enim
1511 1506 1588 1607 ipiis
1602 1508 1750 1594 accidit,
1777 1507 1882 1607 quod

349 1658 352 1665 ·
494 1635 572 1689 non
583 1625 683 1687 antea
704 1606 897 1701 Domin03
923 1612 1023 1703 cujus
1043 1610 1190 1706 imagini
1206 1608 1410 1685 conformes
1421 1608 1501 1703 illos
1515 1606 1579 1684 eile
1589 1630 1653 1706 par
1677 1606 1777 1683 estha
1793 1606 1884 1683 affli-

496 1710 694 1796 dliom'bus,
732 1704 1074 1803 artazfintingloria.
1133 1706 1236 1801 Quid
1249 1706 1470 1784 indecentius
1494 1708 1564 1793 est,
1618 1730 1700 1783 uam
1719 1720 1761 1782 ut
1775 1705 1883 1783 Chri-

494 1808 560 1896 st0,
573 1808 717 1886 calicem
729 1807 795 1881 illis
806 1804 907 1882 luunt
919 1807 1137 1904 propinanti,
1156 1806 1368 1905 respondere
1383 1805 1561 1883 abnuant?
1589 1730 1631 1881 ll.
1658 1805 1792 1883 Omnis
1805 1829 1884 1880 ma·

492 1896 692 1999 lediclionis
703 1903 844 1985 aculeus
853 1928 920 2009 per
932 1902 1060 1982 Christi
1077 1927 1229 2005 angores
1239 1905 1397 2004 ipsorum
1413 1906 1606 2002 angoribus
1619 1927 1724 1980 exem
1750 1917 1809 1981 tus
1819 1903 1885 1991 est,

490 2008 623 2107 ¹quibus
641 2030 718 2082 non
730 2016 993 2109 exponuntura
1009 2000 1106 2092 Deo,
1123 2001 1412 2179 utiratopudice,
1424 2004 1468 2079 ad
1479 2026 1626 2102 poenam
1635 2028 1648 2095 3
1673 1926 1750 2078 led³
1746 2018 1787 2079 ut
1798 2002 1884 2080 Cle-

493 2108 606 2186 menti
622 2129 663 2183 ac
676 2103 831 2204 Sapienti
847 2100 969 2191 Patre,
996 2102 1260 2185 adexenamm
1298 2103 1379 2193 idei,
1400 2100 1601 2190 ranennae,
1626 2100 1708 2200 Spei
1720 2100 1883 2181 Charita-

445 2262 449 2265 -
493 2205 559 2281 lis:
584 2225 623 2279 ut
640 2204 820 2297 defiderium
831 2204 968 2295 nescit,
991 2222 1035 2275 ut
1049 2204 1195 2295 probetur
1211 2204 1364 2297 affluas,
1394 2223 1436 2276 ut
1452 2211 1563 2276 animis
1573 2211 1726 2299 negotium
1738 2230 1884 2276 exerce*

485 2324 558 2391 tur.
611 2305 785 2395 Bernartius
805 2312 838 2375 iu
856 2310 949 2375 Cant.
973 2309 1070 2375 Serm.
1091 2324 1198 2378 lxxv.
1249 2303 1706 2393 Nonddirimtdeserntur:
1724 2301 1784 2392 [ed
1798 2302 1883 2394 dese·

493 2404 767 2495 titnrdeseratur:
784 2401 970 2489 &videtur
979 2400 1129 2492 deserere,
1176 2409 1232 2475 uin
1245 2429 1305 2476 non
1315 2405 1391 2474 vult
1401 2399 1541 2491 deserere.
1564 2398 1624 2478 lll.
1647 2399 1743 2477 Cum
1752 2389 1885 2476 tribur·

492 2502 605 2604 pbato
625 2524 688 2603 per
713 2500 892 2580 Christum
910 2498 1010 2577 hoste
1034 2524 1091 2578 res
1110 2429 1189 2601 iphs

1207 2500 1264 2577 elb
1315 2499 1456 2600 Neque.
1484 2500 1573 2578 otest
1589 2522 1663 2594 non
1678 2497 1883 2598 gloriosum

485 2605 536 2688 iis
562 2599 628 2680 elle
640 2615 840 2690 certamen,
867 2624 913 2700 ex
935 2623 1009 2700 quo
1026 2602 1092 2694 plut
1106 2629 1201 2698 quam
1228 2603 1356 2674 videres
1379 2524 1584 2697 prorllbunt
1633 2597 1741 2678 Rom
1766 2623 1879 2676 vrrs.

391 2769 394 2777 .
496 2725 552 2796 37.
580 2699 661 2780 Post
674 2702 835 2778 tenebras
846 2697 911 2778 lux
922 2701 1073 2786 orietur,
1097 2698 1209 2776 mich.
1229 2721 1311 2776 rrr.
1329 2711 1361 2785 8.
1387 2697 1884 2797 Saevamhanctempestatem

491 2800 629 2901 placida
640 2803 796 2900 excipiet
808 2799 980 2886 serenitas,
993 2817 1041 2874 eo
1049 2798 1252 2894 jucundor,
1266 2819 1341 2898 quo
1353 2797 1717 2886 atrociorfuhninum,
1734 2798 1886 2872 nimbo·
1966 2885 1967 2892 Ν

491 2925 584 2990 rum,
596 2900 834 3000 procellarum
850 2895 1074 2990 furorfuerit
1112 2895 1177 2997 Jel
1198 2919 1270 2972 mv.
1291 2923 1344 2974 11.
1395 2895 1458 2974 IV.
1493 2895 1568 2996 Ipsa
1581 2896 1736 2996 denique
1752 2896 1886 2975 condi·
1965 2904 1967 2931 ²

489 3001 601 3090 ¹tionis
612 3001 706 3078 istius
720 2999 897 3085 acerbitas,
909 2995 1137 3096 insequentia,
1152 3010 1224 3074 tam
1237 2999 1369 3094 gratiae,
1382 3021 1490 3098 quam
1503 2997 1638 3095 gloria,
1650 2995 1793 3094 gaudia,
1804 2995 1886 3074 lua·

491 3101 592 3190 riora
613 3100 725 3177 Faciet.
764 3102 870 3172 Placet
886 3099 1000 3172 canitis
1012 3097 1185 3189 securitas3
1203 3097 1300 3187 fedei
1316 3105 1413 3194 magis
1428 3102 1484 3196 qui
1503 3105 1620 3170 notuit.
1656 3095 1889 3190 jucundami-

491 3201 576 3274 nilnn
593 3201 653 3273 lux
663 3224 675 3292 3
693 3199 904 3291 fidenatem
920 3195 959 3284 cle
975 3197 1501 3290 potestatetenebrnrumjucmrdior.
1524 3194 1666 3292 Trnnfiffe
1675 3195 1715 3269 de
1726 3193 1888 3270 mmead

422 3369 440 3422 d
483 3307 605 3386 ,vitam
624 3304 845 3392 viraegrattnn
857 3295 1007 3386 duplicat.
1051 3296 1196 3368 amara
1209 3303 1243 3366 in
1264 3304 1355 3370 cant.
1376 3303 1473 3368 sena.
1492 3316 1623 3370 txvstr.

317 3375 483 3496 {limam
543 3393 661 3476 XLV.
696 3391 861 3472 Tandem
883 3413 930 3470 ex
946 3387 1101 3470 Domini
1126 3417 1231 3469 exem
1258 3393 1295 3471 lo
1319 3396 1451 3486 dascito,
1488 3421 1549 3494 quo
1573 3414 1606 3467 te
1621 3393 1709 3468 modo
1728 3403 1766 3468 tn
1788 3415 1884 3490 aigo-

316 3522 384 3564 aem
493 3499 574 3574 ribus
596 3501 657 3592 istis
678 3499 851 3590 constitntus
867 3519 974 3589 gerere
994 3492 1117 3574 debeas,
1161 3487 1188 3570 I.
1253 3495 1446 3570 enimlum
1464 3493 1592 3571 secreta
1605 3491 1689 3570 loca
1711 3493 1852 3570 affetles
1865 3551 1880 3582 ,

353 3659 362 3666 .
484 3597 606 3672 amica
619 3594 797 3689 moeroti,
857 3595 895 3668 ui
911 3585 1031 3668 sensim
1045 3590 1193 3687 infelicis
1203 3592 1313 3687 pninri
1326 3615 1432 3690 prava
1457 3592 1619 3694 quadam
1640 3591 1805 3692 voluptas
1828 3591 1882 3674 fit.

486 3693 562 3788 ,Sed
572 3691 762 3794 postquam
773 3694 811 3767 in
825 3615 945 3768 albdito
957 3689 1251 3804 querelastuatiu
1262 3689 1335 3768 Dei
1350 3690 1463 3768 mum
1477 3691 1650 3779 effudisti,
1679 3691 1884 3770 identidem

482 3792 537 3869 ad
547 3791 731 3868 familiares
749 3792 786 3866 δι
803 3789 1009 3868 neoellanos
1020 3806 1105 3866 tuos
1120 3790 1206 3866 redi.
1254 3787 1297 3867 II.
1334 3789 1524 3868 Indefeffus
1535 3805 1622 3871 tunc
1633 3790 1707 3866 esto
1718 3793 1886 3890 inpreci·

493 3887 578 3969 bus:
603 3889 653 3970 ΡΙ
673 3914 745 3969 axr.
765 3914 796 3985 3.
834 3909 985 3990 quarum
998 3887 1190 3973 formulam
1203 3889 1381 3989 quandam
1394 3888 1443 3966 Ps.
1458 3912 1596 3966 cxxvrr.
1637 3889 1675 3964 δι
1696 3913 1881 3968 atomum.

475 4015 575 4082 .,crr.
626 3991 682 4066 alii
709 4013 755 4070 ue
773 3987 952 4066 exhibent
1011 3987 1126 4065 Altam
1139 3991 1252 4064 antiae
1273 3987 1465 4066 illiuhnodi
1488 3991 1613 4066 animae
1625 3992 1787 4088 apprime
1800 3988 1885 4066 Ido-

478 4167 481 4174 ,
495 4113 618 4178 neam,
640 4014 787 4190 &lupa
804 4089 956 4167 modum
974 4087 1208 4186 patheticam,
1224 4087 1352 4162 women
1368 4091 1535 4164 &doinus
1545 4087 1644 4164 dedit
1659 4091 1698 4166 in
1715 4087 1886 4166 aureoli-

495 4187 591 4268 hello
604 4189 649 4266 de
662 4192 736 4264 Filio
748 4191 826 4263 lucis
837 4199 892 4288 qui
904 4197 938 4262 in
953 4188 1084 4260 tenebris
1098 4187 1247 4261 nnbulm.
1273 4195 1359 4266 Part.
1377 4212 1429 4262 11.
1442 4191 1634 4283 lustratione
1652 4212 1706 4264 rrc
1722 4187 1886 4266 11le-

343 4283 354 4294 ’
476 4289 556 4374 ,cul
574 4291 676 4365 omni
689 4311 885 4377 murmure,
908 4289 1086 4384 abnegato
1110 4285 1222 4362 carnis
1236 4288 1434 4374 ratiocIni0,
1449 4288 1600 4385 propria
1628 4311 1674 4363 ue
1686 4286 1886 4366 voluntatis

494 4389 545 4464 im
573 4401 644 4478 eto,
656 4401 776 4484 totum
787 4401 823 4464 te
835 4385 919 4465 Deo
934 4385 1045 4473 trade,
1066 4383 1226 4486 illiusque
1239 4385 1419 4484 supremae,
1441 4385 1473 4461 la
1500 4386 1585 4460 ien'
1623 4410 1710 4474 maa,
1730 4387 1886 4484 optimae

494 4413 669 4571 rollmtati
684 4499 766 4568 vota
775 4485 912 4591 semper
922 4499 982 4572 tna
992 4485 1165 4566 submitte.
1212 4482 1438 4576 Proteltatus,
1483 4481 1649 4564 ehderare
1663 4485 1809 4591 quidem
1823 4499 1884 4570 te,
