4150 5150
694 431 1145 514 neoraaoneoomma
1204 459 1208 477 ε
1552 391 1672 532 75}

115 557 120 700 i
173 623 180 628 -
216 589 284 664 quo
303 564 704 666 temporefementillime
719 570 861 663 orabat,
881 592 931 650 ter
947 573 1095 668 repetitis
1111 571 1243 651 vicibus
1258 574 1404 654 eundern
1417 575 1603 662 sermonem
1719 673 1727 687 .

115 715 116 750 ι
170 765 175 772 .
218 671 420 767 prolocutus.
446 674 654 748 Metaurus:
671 698 732 770 44.
1127 739 1133 748 ,
1431 725 1453 742 ,-

115 839 116 864 2
217 795 225 806 ·
266 773 434 848 XXIII.
471 775 539 846 lV.
568 773 857 870 Quandoquidem
877 775 1048 851 Dominus
1066 775 1155 870 apud
1177 777 1301 852 Lucam
1319 780 1459 856 eandem
1476 785 1705 858 oratio-xxm
1720 805 1772 854 ae.
1828 844 1831 849 ,
1878 782 1896 841 ἶ

115 923 117 966 5
215 875 273 956 pis
286 872 468 947 formulam
486 879 626 970 repetit,
644 876 709 951 alio
727 895 900 970 tempore,
924 877 998 950 loco
1016 898 1114 972 atque
1129 878 1298 953 occasione
1314 881 1397 954 olim
1418 885 1595 971 traditam,
1611 865 1786 993 ἷξξὶἒζέξζ·

216 976 268 1058 uti
284 976 470 1050 Matthaeus
484 973 668 1060 memorati
687 1005 727 1052 co
745 975 843 1050 nobis
855 978 955 1052 debet
970 977 1031 1056 else
1042 981 1315 1054 commendatior.
1336 985 1530 1083 ‘Meritoque
1540 1013 1597 1058 ex·
1611 1000 1652 1048 nir
1663 999 1733 1064 arud

213 1077 296 1152 inde
319 1077 528 1172 colligimus,
551 1077 884 1154 voluisseDominum
903 1101 942 1154 ut
960 1081 1050 1154 illius
1071 1079 1147 1154 usus
1165 1080 1334 1156 bnailiaris
1350 1085 1516 1182 discipulis
1530 1086 1595 1160 suis
1610 1065 1776 1182 {ffissfist
1795 1148 1811 1179 ,s

220 1177 318 1260 effet3
346 1201 453 1272 quum
471 1181 611 1253 eandem
638 1207 796 1275 reponere
820 1183 1005 1268 maluerit,
1030 1184 1267 1277 quamplures
1287 1185 1433 1273 dictare,
1454 1213 1596 1283 quarum
1608 1199 1744 1250 menuct-

115 1263 119 1286 ’
218 1280 327 1356 veluti
351 1280 527 1376 optionem
550 1280 615 1356 suis
635 1281 769 1356 faceret.
826 1284 931 1358 Porro
950 1311 1054 1380 quum
1073 1303 1145 1357 tam
1168 1286 1492 1379 exiguayerbotum
1510 1272 1597 1385 apud
1610 1267 1715 1324 “m

115 1437 116 1446 κ
215 1383 423 1458 Mauhaeam
438 1408 477 1456 ac
493 1385 618 1458 Lucam
633 1380 791 1457 differitas
804 1380 844 1458 lit
858 1404 898 1457 ut
907 1411 991 1480 pene
1003 1385 1096 1458 nulla
1108 1385 1215 1458 videri
1225 1379 1361 1469 debeat,
1381 1387 1523 1464 simodo
1541 1416 1598 1464 ex-

115 1489 116 1512 ¹
218 1483 318 1577 cipias
335 1483 372 1556 id
389 1484 480 1578 quod
499 1486 517 1555 a
534 1485 624 1558 Luca
639 1482 794 1560 omissum
814 1487 1000 1560 Matthaeus
1020 1483 1156 1560 exhibet
1166 1516 1178 1568 5
1195 1487 1398 1563 intercessisse
1416 1493 1525 1584 potius
1543 1518 1599 1568 ex-

214 1583 331 1680 emplo
354 1583 417 1658 suo
439 1585 573 1684 videtur
597 1587 767 1662 Dominus
789 1585 950 1661 consultae
970 1589 1111 1667 aliorum
1137 1586 1316 1662 verborum
1335 1589 1567 1667 substitutioni
1584 1589 1607 1682 ,'

115 1689 116 1692 ’
212 1710 319 1782 quam
337 1706 383 1759 ut
395 1712 467 1761 earn
482 1687 690 1782 probabilem
706 1687 829 1766 fecerit.
856 1691 976 1785 Neque
994 1716 1077 1778 noa,
1095 1689 1187 1786 quod
1199 1688 1319 1786 saepins
1333 1692 1404 1783 jam
1413 1695 1597 1784 monitum,

115 1805 117 1890 ξ
213 1806 372 1872 orantem
389 1787 521 1882 syllabis
536 1792 776 1886 adstringimur.
1622 1814 1627 1832 ²
1651 1819 1659 1844 s

115 1961 116 1964 ,
264 1890 432 1992 >lxlvi
466 1891 513 1964 V.
541 1893 626 1965 Non
646 1894 785 1988 legimus
803 1892 956 1988 equidem
975 1893 1152 1987 Apostolos
1169 1895 1230 1968 hac
1249 1891 1395 1969 formula
1407 1894 1482 1970 usos
1501 1923 1513 1977 ;
1537 1922 1596 1968 vc
1609 1906 1779 1970 xxrmpo·

115 2009 116 2070 3
215 2016 292 2067 rum
308 2016 384 2067 uon
401 1991 501 2068 debet
520 2019 602 2067 mox
624 1995 756 2096 negari,
776 1995 847 2066 imo
867 1994 1058 2088 nequidem
1075 1995 1256 2092 produbio
1275 1995 1401 2092 semper
1418 1995 1541 2070 habere
1557 1998 1596 2070 li·
1609 1970 1732 2088 ΨΜ

213 2113 297 2181 cet,
314 2093 351 2166 id
373 2091 610 2188 quotiacum
626 2095 687 2169 else
704 2093 846 2192 expresso
862 2123 932 2170 non
949 2119 1109 2171 narratur.
1134 2097 1299 2193 Nuspiam
1311 2101 1461 2194 gentium
1475 2099 1594 2186 exstat,
1610 2033 1786 2171 essedis&

115 2199 117 2206 ’
220 2196 312 2290 quod
334 2195 426 2268 Elias
442 2195 662 2270 Elizaeumtin
676 2200 904 2294 Prophetam,
924 2200 1156 2274 Hazaelemin
1167 2201 1294 2294 Regem
1313 2203 1424 2294 Syriae
1445 2202 1596 2281 auxerim
1610 2171 1782 2306 fflssfflss
1875 2252 1879 2260 ι

214 2295 302 2370 -ficut
321 2297 340 2368 ὲ
361 2295 437 2370 Deo
455 2297 557 2394 jussus
575 2296 657 2374 erat.
702 2303 757 2374 An
774 2301 853 2395 quia
876 2299 912 2372 id
933 2325 1005 2372 non
1027 2301 1173 2396 legitur,
1192 2301 1310 2375 inferre
1328 2299 1427 2375 nobis
1447 2302 1524 2375 licet'
1540 2328 1599 2376 ne-
1611 2307 1734 2375 clausu.

115 2417 117 2424 ·
215 2397 367 2494 glastum
390 2398 409 2468 ὲ
426 2399 483 2493 pio
501 2419 578 2475 vate
595 2403 760 2484 Domini,
775 2402 972 2474 mandatum
986 2399 1070 2475 else?
1090 2405 1300 2498 Nunquam,
1319 2405 1412 2498 quod
1431 2404 1598 2501 meraini,

221 2519 373 2574 narratur
389 2500 426 2574 in
440 2500 533 2576 sacris
548 2503 683 2578 historia
700 2503 856 2595 celebrati
868 2503 1029 2599 irJudaeis
1046 2502 1208 2601 Jubilaeir
1227 2531 1336 2600 neque
1353 2523 1466 2579 tamen
1483 2504 1530 2579 fas
1553 2505 1601 2579 est

213 2602 398 2689 dubitare,
421 2607 504 2698 quin
528 2606 594 2693 id,
619 2604 736 2679 srncn
759 2606 909 2701 semper,
931 2626 967 2677 at
984 2607 1183 2703 plerumque
1208 2624 1295 2680 certe
1314 2606 1527 2681 observatum
1546 2605 1598 2680 fit

221 2701 387 2800 Nuspiam
408 2704 533 2799 exserte
553 2707 710 2805 scriptum
730 2708 777 2781 est
787 2758 799 2793 ,
819 2703 1183 2801 Apostolosbaptizalse
1201 2708 1238 2779 in
1255 2712 1393 2781 nomine
1406 2710 1533 2796 'Patris,
1546 2708 1601 2781 Fi·

222 2806 258 2878 lii
270 2810 302 2881 dc
315 2807 457 2901 Spiritus
475 2808 585 2881 sanai
601 2808 711 2904 :quia
725 2828 843 2898 tamen
855 2808 890 2881 id
906 2806 1012 2881 facere
1028 2806 1106 2902 juffi
1122 2826 1214 2880 erant
1223 2858 1236 2896 ,
1253 2810 1310 2903 pie
1325 2810 1532 2904 colligimus,
1549 2810 1600 2903 ip·
1647 2825 1652 2859 ³
1749 2837 1755 2847 ·

221 2906 295 2996 sos,
319 2926 364 2983 ut
382 2908 602 3004 obsequibiles
621 2910 813 2995 ministros,
832 2909 866 2981 id
888 2934 1097 3005 nequaquam
1118 2908 1302 3003 neglexiffe.
1347 2912 1381 2983 Si
1397 2913 1508 3005 itaque
1527 2935 1599 2982 non

115 3078 116 3095 ,
221 3010 318 3085 liceat
344 3008 489 3085 libeatve
509 3010 609 3085 nobis
638 3011 987 3085 recommendatione
1016 3012 1177 3083 orationis
1198 3012 1392 3086 Dominicac
1418 3013 1598 3106 colligere,
1713 3015 1714 3018 ’

222 3112 397 3207 Apostolos
414 3138 457 3197 =ea
477 3110 539 3187 esse
559 3112 660 3196 tabes
687 3112 801 3185 saltem
823 3135 865 3183 ex
887 3110 1057 3207 scripturae
1079 3110 1210 3185 silentio
1231 3138 1302 3185 non
1325 3138 1482 3209 negemus
1501 3113 1536 3184 id
1555 3110 1600 3183 ab
1683 3178 1691 3187 .

222 3212 298 3308 ipsis
320 3212 383 3288 elle
402 3213 551 3301 fastum,
568 3216 660 3311 quod
677 3216 816 3311 legimus
832 3210 1118 3310 ipsiciDomiuo
1140 3210 1201 3285 esse
1216 3215 1510 3289 commendatumr
1529 3236 1601 3287 nta-

115 3336 116 3355 ³
214 3336 366 3412 meatque
384 3318 624 3407 administrum
645 3342 682 3391 ea
699 3312 839 3411 quaestio
857 3314 1018 3397 indecisa,
1037 3336 1191 3389 neutram
1206 3335 1245 3389 ut
1262 3336 1391 3412 partem
1405 3318 1513 3411 juvet.

253 3418 413 3505 XXV.
441 3420 511 3493 VI.
536 3420 692 3493 Fatemur
713 3419 922 3513 utiquc'non
951 3414 1012 3490 esse
1037 3414 1243 3491 neceffitates
1266 3416 1392 3492 nostras
1422 3442 1539 3492 omnes
1560 3419 1600 3489 in
1613 3401 1780 3517 fflgtfff*

224 3514 327 3613 specie
345 3520 398 3590 hic
410 3518 593 3615 expressas,
621 3522 726 3596 nullae
737 3538 857 3601 ,tamen
870 3516 974 3603 sunt,
1014 3542 1071 3616 uae
1087 3519 1154 3591 huc
1172 3520 1223 3592 uti
1239 3519 1282 3589 ad
1299 3518 1387 3593 sedes
1404 3517 1477 3593 suas
1493 3521 1527 3592 &
1543 3543 1598 3613 gc
1610 3484 1791 3613 interregem(

115 3642 118 3659 ’
224 3620 389 3694 neraliara
403 3622 564 3717 principia
578 3616 688 3697 resciri
703 3645 774 3696 non
788 3616 922 3715 possint.
948 3620 1041 3693 Tum
1054 3619 1127 3713 quis
1143 3620 1334 3706 intercedit,
1353 3620 1599 3718 quaxminusca
1610 3615 1775 3721 {22²¹}AE

227 3746 306 3815 quae
322 3748 385 3795 nos
403 3742 524 3819 sugent
539 3726 611 3797 aliis
627 3717 811 3819 precibus,s
819 3720 977 3816 prolixe,
996 3719 1022 3795 sr
1041 3720 1177 3815 quidem
1195 3748 1245 3794 res
1262 3720 1370 3804 ferat,
1397 3722 1473 3795 Deo
1498 3746 1598 3817 expo-
1610 3719 1786 3796 urescere.

226 3823 378 3897 nentur?
400 3825 504 3899 modo
521 3816 559 3899 id
577 3852 616 3899 ea
631 3828 785 3898 cautione
800 3820 860 3897 fiat
877 3870 890 3909 ,
910 3848 954 3895 ne
970 3822 1013 3895 ad
1029 3824 1129 3895 nimis
1149 3819 1327 3917 smgularia
1347 3822 1577 3897 descendentes
1586 3862 1600 3908 ,-
1651 3914 1657 3924 ,

178 3952 181 3955 ·
227 3926 380 4023 nocitura
397 3928 508 4023 potius
528 3953 629 4023 quam
647 3927 818 4023 profutura
839 3942 1010 4019 petamus,
1030 3950 1093 4019 pro
1111 3950 1180 3997 ovo
1202 3925 1417 4020 scorpionem.
1451 3925 1604 3999 Aliarum

119 4032 121 4039 ’
227 4050 362 4118 precum
376 4028 475 4116 usus,
496 4030 594 4125 hujus
608 4028 796 4103 nsumnon
816 4024 962 4121 delicuit.
1001 4026 1201 4112 lmo¹vero‚
1223 4052 1330 4121 quum
1349 4026 1541 4121 contingere
1557 4025 1607 4097 fa·

116 4214 117 4217 Ἴ
228 4125 290 4199 εἰΙε
299 4128 412 4223 poffit,
429 4150 530 4225 atque
546 4130 629 4203 adeo
646 4120 1034 4223 contingatliequcnter,
1047 4127 1134 4199 utin
1147 4124 1372 4220 prolirilsanis
1388 4150 1522 4223 quoque
1533 4152 1607 4221 pre·

228 4222 322 4303 cibus
343 4233 507 4305 nonnulla
523 4234 542 4307 ὲ
558 4231 655 4319 nobis
673 4229 786 4307 omitia
799 4226 887 4311 [ints
912 4228 955 4301 nd
969 4228 1035 4309 Dei
1050 4229 1189 4325 gloriam
1202 4255 1407 4326 regnumque
1424 4228 1608 4323 plurimum

228 4345 342 4403 tamen
357 4332 537 4417 facientia3
556 4360 669 4409 nonne
680 4330 874 4407 consultum
890 4328 937 4402 est
952 4328 1070 4403 nostris
1087 4329 1238 4427 precibus
1251 4356 1325 4405 eam
1342 4334 1533 4407 orationem
1550 4330 1607 4401 ad·

230 4428 333 4519 dere,
347 4434 384 4507 in
402 4460 467 4529 qua
482 4438 564 4510 certi
584 4435 696 4511 sumus
712 4432 795 4509 nihil
813 4429 873 4505 esse
890 4428 1075 4523 omissum?
1250 4436 1261 4513 J
1394 4431 1397 4436 ⁸

115 4584 122 4601 ι
278 4530 443 4637 XXVI.
469 4536 559 4615 Vll.
588 4540 789 4637 Neque-noc
802 4529 1144 4715 volumusKnecessum
1159 4530 1222 4609 effe
1235 4549 1274 4609 ut
1290 4530 1546 4627 omnitempore
1559 4547 1608 4604 at-

115 4656 117 4663 *
221 4678 226 4685 -
1016 4654 1041 4717 2
1541 4656 1613 4729 quo
