4150 5150
525 414 585 495 De
600 410 780 497 Descensu
808 414 936 512 Christi
958 416 1003 493 ad
1029 416 1171 498 inferna
1478 422 1585 518 251,
1677 489 1691 524 N

163 638 165 643 Ι
193 522 475 615 tumoonntto
490 538 655 640 imposita
666 524 1555 643 nieutquidigttureisepotsetnifinironfininus,
1664 625 1668 634 ἱ

160 678 165 685 ·
188 657 274 739 poena
284 636 362 725 illa,
388 660 467 739 quae¹
490 640 664 727 Christo,
695 636 878 716 subeunda
901 642 1193 741 proponebatur,
1217 642 1412 720 excedebat
1437 642 1554 718 inlini·

190 750 273 815 tatem
287 736 399 837 ipsam
412 740 681 840 propemodum
695 740 838 816 infinite.
890 742 984 833 Quis
1002 737 1097 817 eninr
1112 739 1168 817 vel
1187 739 1245 817 sua
1287 752 1404 820 cecata
1427 766 1555 819 numen

186 860 260 925 rare,
293 836 353 913 vel
375 840 539 918 omnium
553 839 747 917 elettorum
768 862 960 915 numerum
984 842 1074 915 inire
1086 853 1216 939 queat,-
1269 856 1285 919 t
1305 842 1380 919 hoc
1390 840 1554 941 estquod

187 936 250 1015 (icit
267 934 318 1015 Ps.
335 960 393 1012 xi..
419 958 475 1031 13.
496 940 792 1035 Conprehendcrurit
813 964 863 1012 me
881 945 1061 1038 iniquitates
1076 968 1149 1012 meae
1166 960 1207 1033 ut
1224 970 1281 1015 nort
1306 943 1411 1035 poffim
1426 944 1550 1030 uidere,

160 1073 165 1081 “
187 1038 384 1131 nultiplicata
394 1036 474 1127 sunt
479 1058 545 1133 pra
560 1042 674 1133 caprilis
685 1047 791 1133 capitit
798 1046 868 1125 mei,
889 1037 1108 1124 &cormeum
1130 1040 1295 1142 dereliquit
1311 1069 1367 1117 me.
1417 1038 1554 1142 Iniqui·
1671 1108 1689 1145 Χ.

185 1148 250 1213 tates
267 1134 347 1228 suas
366 1148 502 1227 vocat,
534 1160 613 1215 non
631 1162 720 1239 ¹quas
749 1135 998 1229 commiserat,
1036 1138 1096 1216 sed
1125 1159 1213 1240 quas
1236 1138 1437 1241 sponsione}
1450 1142 1488 1215 in
1515 1138 1553 1219 st
1667 1151 1680 1178 ²

183 1232 254 1313 lusce
305 1248 369 1311 rat
861 1279 864 1285 ,

372 1330 416 1411 Π.
440 1330 555 1412 Porro
567 1332 766 1412 nonsolum
776 1358 878 1411 niens
895 1332 1092 1414 Christisua
1105 1333 1466 1435 sponteseadobjesii
1475 1348 1555 1415 tant

185 1432 352 1511 horribilis
363 1434 707 1534 contemplationem
730 1433 889 1609 aqpulite
914 1434 973 1512 sed
987 1436 1023 1511 &
1039 1442 1121 1509 Deru
1133 1434 1205 1535 ipse
1232 1437 1400 1535 potentiae
1417 1434 1553 1527 sucepis-

184 1544 334 1610 un'rutem
346 1534 490 1607 adhibuit
507 1590 517 1621 ,
535 1548 577 1613 ut
588 1535 747 1611 terrorei
777 1532 1030 1634 openitilsrmae
1044 1537 1153 1610 animi
1166 1548 1282 1635 partes
1295 1535 1549 1613 imbuerentur.

180 1628 315 1713 ldenim
328 1631 499 1731 flagitavit
510 1633 631 1709 relatio
638 1632 784 1731 judicis,
806 1634 1037 1723 uttantimali
1051 1634 1293 1710 diritasmenti
1306 1631 1553 1733 Christiabip-

139 1760 142 1771 “
182 1731 375 1825 sonumipe
388 1732 610 1827 objiceretur.
662 1731 755 1825 Quae
767 1734 860 1809 circa
877 1754 1008 1831 corpus
1025 1732 1140 1819 fiunt,
1163 1732 1400 1825 admonuerit
1409 1754 1460 1832 po

180 1829 384 1910 hominibus.
436 1830 660 1909 Conscientia
673 1830 776 1909 sensu
785 1830 921 1908 doloris
934 1835 1094 1933 torqueri
1106 1834 1273 1929 satisnon
1285 1832 1423 1932 potest,
1444 1846 1484 1909 ut
1498 1837 1554 1929 ju·

180 1929 261 2010 ffitae
275 1930 350 2011 Dei
366 1928 518 2019 satisfiat,
550 1926 613 2004 nist
627 1930 751 2024 justitia
765 1930 836 2031 ipsa
853 1928 925 2008 Dei
937 1930 1003 2007 sese
1017 1934 1112 2008 intus
1125 1932 1311 2008 revelante.
1360 1928 1437 2029 Ipse
1449 1930 1552 2009 Deus

174 2026 357 2131 &popriofilio
373 2058 433 2103 non
445 2036 584 2123 pepercit.
611 2028 719 2107 Rom.
730 2052 770 2107 vr
782 2056 796 2106 1
807 2051 904 2127 1.42.
917 2032 988 2129 ipse
999 2032 1144 2129 percuffir
1158 2058 1237 2105 eum.
1255 2026 1374 2108 Zach.
1388 2054 1433 2107 xr
1444 2054 1497 2105 11.
1513 2056 1550 2126 7.

179 2132 351 2209 culleum
368 2128 457 2206 Mat.
474 2151 584 2204 xxvr.
600 2151 654 2220 31.
672 2129 743 2229 lpse
757 2130 1160 2223 eumpronobis'peccutum
1177 2134 1268 2225 fecit.
1294 2152 1328 2207 2.
1342 2128 1427 2207 Cor.
1440 2152 1472 2205 v.
1491 2152 1551 2207 21.
1631 2202 1636 2210 .

178 2230 235 2329 lpse
248 2244 364 2341 pion
376 2230 459 2325 fecit
471 2234 627 2303 turmae
643 2234 676 2303 in
687 2256 784 2318 erran,
817 2224 912 2333 quali
922 2231 1067 2329 agmine
1080 2228 1193 2318 faslo,
1218 2249 1344 2325 peccota
1355 2232 1462 2326 nostro.
1488 2226 1554 2330 Jes}

177 2345 300 2407 ss11.6.

211 2425 433 2509 XXXVlH.
460 2424 767 2508 Acceffituauem
783 2428 927 2521 angoris
939 2424 1074 2516 caussa,
1093 2429 1299 2525 suh‘ec'lioad
1316 2431 1488 2524 porqtatem
1509 2444 1557 2500 re·

178 2530 340 2606 murum.
366 2526 452 2608 Luc.
468 2550 538 2604 xxi
549 2553 578 2604 1.
596 2548 650 2620 33.
678 2547 755 2602 non
773 2524 920 2626 quidem
934 2526 1171 2618 adultorum,
1196 2540 1333 2608 atcerte
1345 2528 1391 2604 ad
1409 2536 1556 2600 vexatio.

180 2657 237 2705 rnre
250 2655 293 2706 ac
305 2631 422 2702 luliann
431 2625 674 2726 gravissimam.
724 2623 891 2726 Princeps
903 2626 1008 2723 hujus
1016 2628 1161 2715 mundi,
1174 2627 1372 2715 Diabolus,
1390 2625 1555 2703 facultate

179 2728 295 2808 aDeo
314 2731 500 2828 impetrata
516 2785 526 2814 ,
542 2745 627 2803 cum
639 2725 808 2802 omnibus
826 2727 939 2826 copiis
952 2726 1019 2803 suis
1035 2725 1280 2815 insemalibuS,
1303 2729 1342 2800 in
1365 2725 1547 2804 Christum

176 2831 358 2907 movebat:
383 2825 559 2928 Joh.x1v.
576 2849 631 2917 50.
657 2821 865 2902 horninibus
878 2837 1048 2925 tanquam
1056 2825 1256 2902 satellitibus
1267 2826 1345 2912 suis,
1357 2824 1555 2924 adcorpuo,

176 2928 228 3018 ic,
248 2951 318 3030 qua
330 2925 406 3003 sieri
423 2937 585 3026 poterat,
609 2926 770 3000 animum
787 2979 797 3010 ,
817 2923 1068 3013 lacerandum,
1095 2925 1252 3003 abutens.
1303 2924 1466 3023 Sedipie
1481 2923 1556 2999 ani-

176 3049 235 3106 mo
254 3021 698 3128 praeserriminfidiabatur,
745 3029 829 3098 uem
840 3023 982 3122 ingestis
990 3024 1185 3103 inferorum
1203 3027 1449 3102 cruciamentis
1456 3024 1558 3100 terri-

176 3128 296 3217 tabat,
327 3123 353 3200 sr
396 3149 446 3204 uo
459 3123 562 3224 pauo
576 3121 685 3200 fidem
698 3045 827 3200 eluisti
839 3124 1094 3201 tentationibus
1113 3125 1180 3200 luis
1193 3123 1396 3201 labesaslare
1409 3121 1551 3222 posset,

174 3239 275 3328 atque
286 3229 335 3304 ita
347 3150 493 3302 sulutem
507 3223 663 3301 nostram
670 3221 923 3310 intervertere,
944 3221 1000 3299 vel
1013 3222 1132 3300 saltem
1142 3247 1226 3301 eum
1242 3225 1303 3324 qui
1313 3223 1408 3298 illam
1419 3245 1552 3322 procu·

172 3328 265 3404 nbat
274 3324 429 3426 pessimis
443 3347 569 3400 vexare
578 3321 706 3398 niodis.
756 3317 820 3420 Jus
831 3333 925 3398 certe
942 3321 1111 3423 aliquod,
1136 3347 1201 3422 per
1210 3334 1397 3423 peccatum
1416 3379 1426 3410 ,
1444 3323 1482 3396 in
1492 3335 1551 3398 to·

173 3435 370 3526 tumgenus
382 3422 582 3501 humanum
600 3417 844 3520 acquisiverat,
869 3424 967 3517 cujus
977 3419 1133 3520 respectu
1145 3435 1350 3521 peccatores
1362 3441 1490 3513 captura
1494 3425 1552 3512 ju-

165 3525 402 3622 stidicuntur.
428 3519 492 3622 Jes
516 3543 616 3598 κως
639 3543 697 3617 24
746 3517 901 3598 Proinde
910 3543 1023 3620 quum
1038 3523 1209 3595 reclinandi
1221 3521 1367 3598 essemus
1378 3529 1411 3594 in
1415 3525 1550 3616 justitia,

174 3627 302 3704 oensuit
323 3617 732 3726 Justusjudcxuniversr,
756 3631 819 3708 ut,
842 3619 1013 3720 quicquid
1031 3623 1116 3718 juris
1129 3623 1167 3699 in
1190 3620 1321 3698 elesios
1344 3632 1551 3720 peccatores

174 3720 346 3804 Diabolus
357 3719 604 3824 acquisiverat,
627 3719 665 3795 id
677 3719 716 3796 in
729 3715 908 3796 Christum
916 3734 1117 3812 exerceret:
1145 3721 1271 3797 mortis
1282 3722 1314 3797 el
1327 3718 1491 3795 aculeum
1500 3717 1550 3794 al-
1665 3803 1669 3811 ,

175 3823 291 3903 tissime
304 3823 407 3902 cordi
430 3819 627 3920 infigendo
677 3815 785 3917 Juxta
801 3817 1008 3896 sententiam
1020 3813 1240 3900 in'ia'radiso
1257 3819 1547 3920 pronunciatam,

178 3929 400 4000 Turontererei
410 3923 600 3995 ειιΙσαηειηη.
620 3914 711 3994 Gen.
729 3941 808 3992 111.
827 3941 882 4012 15.
1642 3919 1648 3930 ’

216 4019 406 4106 §omit
433 4017 505 4097 Sed
515 4025 683 4098 nectern'a
698 4014 807 4094 caussa
816 4014 1443 4118 defuit,quodnirniruminomnibus
1456 4014 1550 4096 hisce

175 4117 435 4203 difficultatibus
459 4148 480 4193 a
503 4125 567 4194 Deo
589 4127 683 4193 Patre
700 4122 756 4209 siro
766 4115 943 4190 derelilim
953 4115 1021 4194 sese
1037 4116 1188 4205 senserit,
1213 4117 1553 4194 orbatusnunesua·

172 4219 308 4302 vilsunae
332 4218 428 4298 illius
447 4221 589 4318 gratiae,
617 4216 1551 4320 quaanteatotiesactamjucundegavisuserat,in·
1613 4260 1633 4278 2
1772 4281 1781 4312 5
1840 4251 1846 4266 ·

173 4317 280 4415 fluxo,
290 4319 403 4424 idque
416 4340 462 4396 eo
474 4342 570 4396 nnnc
580 4333 757 4416 tempore,
771 4339 857 4416 quo,
870 4317 987 4394 multo
1005 4319 1123 4416 magis
1158 4319 1347 4405 uamolim,
1363 4318 1484 4394 caindi
1512 4341 1550 4391 e-

172 4420 235 4500 bat
285 4421 385 4502 Hinc
397 4414 557 4517 lugubris
570 4417 628 4498 ille
642 4415 792 4520 questus.
817 4417 868 4496 Ps.
884 4441 995 4494 xxii.
1012 4439 1044 4493 2.
1060 4441 1092 4510 3.
1120 4341 1206 4493 illac
1220 4441 1353 4494 xxvrr.
1369 4427 1425 4508 36.
1463 4339 1549 4491 isac

169 4521 361 4612 cauenda
373 4515 454 4658 sunt
465 4523 637 4604 reaeuain
650 4514 882 4602 mrcffinone
896 4515 1147 4614 euastata,
1160 4515 1164 4524 ’
1177 4517 1336 4620 analoga
1352 4516 1481 4589 tenete
1493 4541 1552 4585 ex,

1379 4613 1550 4709 teriorihut,
