4150 5150
594 433 598 436 -
729 467 788 548 De
809 471 900 548 Pane
924 470 1145 566 Qrotidiano.
1542 491 1610 566 145

235 607 382 682 artando
397 610 431 682 u
447 605 573 682 tuendo
591 601 765 702 potestates
790 607 1056 689 constimuntur3
1079 617 1212 700 propter
1231 599 1321 700 quod
1337 604 1370 676 tr
1389 600 1560 698 vedligalia
1581 608 1613 678 dt

235 709 366 782 tributa
389 709 609 782 conserimus·
649 709 754 798 Qrod
772 707 952 782 Christiani
981 711 1094 803 itaque
1109 721 1273 802 quatenus·
1288 705 1373 776 cives
1392 703 1487 790 sunt,
1517 705 1612 798 juxta

236 836 315 885 cum
330 812 400 883 aliis
418 809 547 883 civibus
563 835 729 906 quaerere,
751 812 905 884 &tineo
915 829 1024 905 petere
1035 825 1198 888 tenentur.
1218 805 1324 879 Sed&
1338 805 1614 880 aliumsocietatis
1636 889 1639 898 ¹

238 915 398 986 humanae
420 911 525 984 finem
543 909 604 984 sibi
617 930 828 1006 proponunt,
853 911 954 1006 longe
970 912 1253 992 excellentiorem,
1286 926 1324 980 ut
1340 908 1436 1006 liceat
1457 904 1532 1001 ipsis
1555 905 1635 980 sub¹

233 1012 424 1107 tutelajusti
443 1006 483 1084 ac
493 1013 539 1106 pii
555 1010 787 1107 Magistratus,
808 1014 948 1086 inomni
960 1015 1129 1108 pietatate
1144 1007 1362 1082 sanuitudine
1378 1007 1616 1082 vitam-tranfi-

87 1174 88 1183 ,
160 1199 163 1202 ,
231 1141 331 1210 gare,
357 1111 425 1186 fine
439 1115 509 1187 ulla
527 1115 704 1186 vexatione
718 1134 796 1207 quae
813 1117 943 1207 pietatis
959 1113 1064 1188 caussa
1086 1111 1162 1185 filiis
1181 1111 1249 1182 Dei
1269 1105 1440 1184 inferatur.
1468 1111 1636 1206 Hoetu-¹

236 1237 307 1292 tem
334 1234 455 1288 votum
474 1213 665 1290 Christianis
687 1217 856 1309 proprium
875 1212 932 1294 est.
1012 1225 1015 1230 ’
1538 1213 1543 1220 ’

248 1377 251 1391 ,
280 1315 413 1399 XX‚V·
440 1317 562 1410 Neque
572 1315 720 1410 profesto
733 1318 769 1388 in
787 1311 1064 1391 tollatuendaest
1089 1311 1183 1394 Novi
1199 1339 1239 1386 ac
1255 1311 1384 1386 Veteris
1407 1307 1613 1388 Testamenti

136 1499 140 1506 ¹
232 1412 437 1498 differentia,
461 1419 625 1511 quodlroc
637 1419 740 1490 duum
752 1442 912 1512 generum
929 1413 1156 1512 promissiones
1175 1413 1340 1499 habuerit,
1361 1414 1555 1508 temporales
1573 1439 1610 1486 ac

232 1538 395 1599 aeternast
419 1519 502 1592 illud
532 1536 643 1592 autem
671 1538 810 1592 aeternas
835 1539 933 1615 atque
952 1518 1131 1614 spirituales
1163 1515 1281 1589 solum.
1309 1515 1406 1587 Secus
1428 1516 1518 1586 enim
1541 1513 1608 1608 ipse

232 1619 382 1693 Christus
400 1620 496 1694 docet
512 1622 640 1694 Marta.
665 1645 725 1695 vr.
750 1641 806 1710 33.
857 1619 925 1703 Ista
943 1624 1050 1695 omnia
1067 1621 1261 1710 adjicientur
1282 1614 1383 1689 vobin
1436 1619 1608 1705 Quaenam

232 1719 310 1794 sunt
325 1720 383 1791 illa
397 1721 537 1794 omnia?
556 1721 606 1800 Ea
626 1721 806 1816 dequibus
825 1722 940 1816 paullo
956 1742 1032 1792 ante
1043 1719 1158 1818 suerat
1184 1719 1335 1802 locutus,
1356 1741 1433 1810 quae
1451 1717 1605 1803 edimus,

178 1875 189 1882 -
232 1846 312 1918 quac
328 1819 495 1908 bibimus,
515 1820 634 1916 quibus
646 1815 839 1912 arnicimur,
855 1822 975 1918 quibus
987 1819 1145 1898 omnibus
1163 1843 1223 1890 nos
1236 1817 1382 1912 indigere
1392 1819 1487 1892 Pater
1498 1817 1608 1891 noster

232 1923 371 1996 coelellis
388 1925 504 2010 novit,
524 1920 664 2018 quaeque
678 1923 787 1997 sansla
805 1925 909 1998 animi
926 1922 1047 1996 fiducia
1070 1920 1113 1993 ab
1133 1919 1232 2015 ipsius
1248 1917 1400 1992 bonitate
1416 1919 1540 2016 sperare
1554 1921 1607 2012 ju-

87 2054 93 2104 ;
213 2025 363 2099 bernar.
399 2025 463 2099 Illa
482 2021 695 2101 veru'firlucia
707 2052 745 2099 ac
756 2024 825 2118 spes
841 2028 897 2098 cui
915 2027 962 2097 rei
981 2024 1098 2098 certius
1112 2023 1266 2094 innititur
1280 2043 1380 2116 quam
1397 2017 1607 2114 promillioni

136 2171 139 2176 ·
205 2210 211 2217 ¹
230 2127 335 2199 Patris
349 2127 477 2201 nostri?
488 2125 614 2200 Ethaec
624 2125 739 2202 saltem
751 2126 870 2200 Christi
885 2125 986 2200 verba
997 2125 1080 2222 quid
1094 2123 1183 2196 aliud
1194 2119 1254 2194 nili
1266 2120 1606 2216 promissionemcon-
1631 2157 1632 2162 ¹

230 2226 365 2302 tinent?
485 2245 489 2249 ’
579 2272 583 2280 ·

281 2327 435 2404 XXVI.
462 2327 554 2401 Adde
564 2328 656 2402 Pauli
676 2328 780 2418 illud,
808 2330 1008 2404 r.Tim.1v.
1023 2339 1059 2414 8.
1085 2329 1255 2424 Atpittat
1268 2329 1426 2400 adomnia
1441 2327 1535 2400 utilis
1549 2321 1605 2412 cll,
1638 2403 1642 2410 ,

214 2447 271 2508 ,ut
283 2420 585 2526 quapromt'fflonem
605 2430 725 2504 lrabeat
744 2429 992 2530 vitaprasentt's
1012 2455 1052 2501 ac
1069 2426 1205 2519 futuro.
1245 2425 1328 2502 Nou
1344 2453 1430 2524 nego
1448 2427 1490 2502 ad
1517 2425 1609 2500 bona
1727 2426 1739 2434 ’

230 2531 315 2604 vitae
332 2527 501 2626 praesentis
519 2531 684 2625 pertinere
700 2538 833 2628 quoquc
847 2531 1026 2627 spiritualia
1036 2529 1177 2623 illaquae
1195 2525 1292 2601 nobis
1309 2529 1361 2602 lric
1374 2532 1410 2603 in
1422 2549 1629 2605 terraram·

229 2632 438 2708 morantibus
457 2634 584 2705 Divina
594 2634 744 2730 indulget
753 2633 960 2734 benignitas:
974 2652 1010 2704 at
1020 2656 1105 2725 nego
1119 2631 1323 2703 excludenda
1344 2630 1405 2705 effe
1416 2658 1548 2727 eaquae
1565 2629 1608 2701 ad

231 2734 339 2807 vitam
355 2734 535 2807 animalem
552 2734 730 2831 pertinent
773 2738 866 2809 Nam
882 2734 908 2809 1.
934 2734 1057 2807 Paulus
1081 2730 1162 2825 dum
1180 2730 1409 2825 promilliones
1430 2734 1545 2827 pietati
1562 2730 1609 2807 sa-

230 2839 300 2907 aas
319 2835 451 2919 laudnt,
478 2860 532 2907 eas
560 2838 707 2924 intendit
718 2863 795 2933 quae
811 2836 940 2931 pridem
961 2832 1085 2928 scriptis
1111 2830 1313 2927 confignatae
1329 2835 1521 2923 exstabant,
1535 2834 1609 2929 qui·
1694 2862 1697 2868 ⁴

230 2935 296 3011 bus
309 2937 399 3008 citra>
412 2934 665 3008 controversiam
685 2937 775 3010 bona
791 2938 889 3031 hujus
913 2936 1011 3010 seculi
1036 2936 1368 3030 comprehenduntur.
1413 2938 1476 3011 Eas
1496 2956 1610 3013 autem

229 3039 274 3111 ad
293 3064 353 3132 nos
372 3062 505 3132 quoque
519 3037 685 3131 pertinere
700 3038 847 3111 testatur.
871 3038 915 3111 ΙΙ.
933 3040 1059 3113 Nonne
1079 3057 1205 3108 certum
1220 3036 1267 3109 est
1284 3034 1375 3110 bona
1387 3039 1468 3110 vitae
1482 3038 1609 3109 anima·
1636 3088 1646 3109 4-

230 3141 273 3213 lis
298 3140 452 3233 promitti
469 3160 635 3234 praecepto
661 3141 807 3234 quinto?
823 3140 886 3213 Sed
908 3143 988 3212 &ea
1005 3134 1218 3232 promissione
1231 3136 1393 3233 'tanquam
1412 3158 1608 3237 argumento

229 3242 320 3336 ap'ud
340 3241 546 3313 Christianos
562 3242 680 3315 utitur.
693 3242 778 3336 Eph.
795 3265 852 3314 vr.
868 3261 901 3315 2.
919 3264 952 3331 3.
979 3238 1180 3329 Qrorsum?
1212 3258 1251 3313 ut
1264 3264 1338 3313 eam
1353 3266 1484 3336 quoque
1509 3228 1607 3313 n6bis
1669 3268 1674 3277 ¹

228 3343 353 3420 fretam
374 3340 435 3415 esse
456 3343 688 3439 intelligamus.
738 3344 788 3416 Ut
806 3340 1070 3415 Christianorum
1096 3342 1197 3414 etiam
1222 3338 1305 3415 filii,
1331 3341 1525 3437 parentibus
1543 3340 1607 3415 suis

229 3444 386 3538 morigeri
407 3444 444 3515 in
456 3444 626 3533 Domino,
652 3440 754 3517 sciant
773 3442 904 3516 beatam
918 3440 979 3515 fibi
999 3443 1252 3537 longaevamque
1269 3444 1308 3515 in
1325 3463 1410 3516 terra
1427 3444 1534 3515 vitam
1552 3442 1609 3515 ad-

229 3546 357 3619 dietam
377 3542 449 3618 effe.
476 3545 525 3617 Ea
540 3546 631 3619 enim
646 3544 750 3618 verba
760 3546 860 3640 prout
875 3545 1002 3640 Judaeis
1024 3544 1113 3615 dieta
1134 3542 1207 3615 sunt
1217 3542 1553 3631 nativosoo'sensu,
1576 3548 1609 3617 ἃ

227 3646 361 3743 proprie
379 3670 563 3739 exponerer
580 3646 715 3741 quando
723 3646 913 3721 Christianis
930 3644 1137 3739 applicantur
1147 3644 1184 3716 in
1194 3670 1318 3717 meram
1337 3647 1525 3741 allegoriam
1535 3672 1611 3719 ver-

88 3798 94 3807 -
142 3797 161 3823 s
229 3767 321 3833 tere,
337 3747 452 3841 religio
463 3746 560 3819 nobis
578 3746 634 3820 est.
668 3748 730 3820 ΙΙΙ.
751 3746 1008 3822 Observandum
1026 3746 1167 3819 Paulum
1178 3746 1215 3817 in
1230 3746 1497 3821 antecedentibus
1511 3744 1639 3843 'egisse‘

178 3845 181 3858 '
229 3852 272 3925 de
291 3847 371 3923 cibis
389 3873 472 3943 quos
490 3851 583 3923 Deus
595 3849 745 3923 condidit
758 3850 801 3922 ad
817 3846 1083 3944 participandum
1094 3872 1171 3920 cum
1183 3850 1360 3943 gratiarum
1370 3851 1511 3936 anione,
1523 3848 1607 3923 vers.
1722 3896 1731 3905 ι

234 3974 268 4045 3.
296 3950 348 4023 Ab
359 3951 399 4023 iis
418 3975 475 4044 per
494 3942 691 4048 σωματικὴν
719 3944 1136 4047 yumwsarsuperstitiosr
1164 3948 1379 4047 &salfiloqui
1396 3950 1530 4047 quidam
1551 3948 1610 4022 ab·
1722 4030 1723 4035 ἵ

229 4052 348 4129 {linere
364 4049 534 4148 jubebant
561 4052 605 4122 llt
618 4069 737 4124 contra
752 4052 848 4125 docet
864 4050 1002 4137 Paulus,
1015 4047 1172 4147 sinceram
1186 4056 1343 4145 pietatem
1363 4054 1404 4125 ad
1422 4052 1536 4127 omnia
1544 4052 1610 4125 uti-
1647 4116 1654 4121 .

230 4152 299 4227 lem
325 4148 400 4227 esse,
416 4170 513 4248 atque
536 4151 573 4223 id
596 4153 683 4224 inter
701 4152 991 4250 caetera‘praestare
1009 4152 1141 4241 homini
1164 4170 1202 4225 ut
1219 4153 1376 4229 omnibus
1408 4154 1506 4246 bonis
1531 4180 1609 4249 quar

98 4251 101 4256 ’
135 4278 139 4284 “
164 4278 169 4285 ·
231 4251 386 4326 condidit
397 4254 491 4327 Deus
515 4278 593 4328 curn
610 4253 731 4327 laetitia
756 4257 787 4327 &
808 4254 989 4349 gratiaram
1009 4254 1138 4326 atlione
1163 4254 1300 4330 fruatur.
1333 4258 1396 4331 IV.
1423 4256 1609 4347 Qomodo

229 4356 334 4451 pietas
346 4352 576 4449 promiffioner
597 4354 694 4448 hujus
718 4358 803 4428 vitae
823 4351 978 4441 haberet,
996 4351 1101 4427 fiistis
1125 4354 1285 4435 destituta
1301 4356 1376 4452 esset
1386 4352 1610 4455 promiffioni.
1737 4414 1740 4423 Δ

87 4503 88 4510 1
222 4456 316 4543 bus,
349 4454 419 4531 sine
441 4453 563 4551 quibus
575 4480 648 4528 non
665 4456 711 4531 est
731 4457 862 4551 utquis
883 4453 1264 4531 vivatiPraesensenim
1285 4460 1355 4533 vita
1375 4458 1421 4532 est
1439 4460 1510 4532 vita
1535 4462 1609 4537 haea
1645 4452 1668 4497 ’

230 4558 386 4652 animalis
396 4562 594 4655 ,vitaquam
616 4563 763 4643 vivimus
778 4564 944 4649 incarne,
959 4556 1011 4648 uti
1024 4556 1146 4633 Paulus
1168 4576 1260 4634 anrat
1273 4558 1368 4658 loqui
1386 4561 1461 4639 Gal.
1472 4585 1493 4641 -1
1504 4586 1536 4638 1.
1548 4582 1609 4639 20.

412 4664 510 4748 Orat.
530 4662 634 4744 Dum.
677 4710 686 4755 ·.
818 4680 824 4689 ·
1040 4658 1075 4735 Τ
1366 4756 1385 4785 J
1521 4662 1609 4741 Phil.
1655 4716 1664 4723 -
