<?xml version="1.0" encoding="UTF-8"?>
<!DOCTYPE html PUBLIC "-//W3C//DTD XHTML 1.0 Transitional//EN"
    "http://www.w3.org/TR/xhtml1/DTD/xhtml1-transitional.dtd">
<html xmlns="http://www.w3.org/1999/xhtml" xml:lang="en" lang="en">
 <head>
  <title>
</title>
<meta http-equiv="Content-Type" content="text/html;charset=utf-8" />
  <meta name='ocr-system' content='tesseract 3.04.00' />
  <meta name='ocr-capabilities' content='ocr_page ocr_carea ocr_par ocr_line ocrx_word'/>
</head>
<body>
  <div class='ocr_page' id='page_1' title='image "./hermanniwitsiie00witsgoog_0399.png"; bbox 0 0 4150 5150; ppageno 0'>
   <div class='ocr_carea' id='block_1_1' title="bbox 106 360 1972 4558">
    <p class='ocr_par' dir='ltr' id='par_1_1' title="bbox 106 360 1972 4162">
     <span class='ocr_line' id='line_1_1' title="bbox 106 360 1551 473; baseline 0.001 -20"><span class='ocrx_word' id='word_1_1' title='bbox 106 395 107 468; x_wconf 76' lang='grc' dir='ltr'><strong>ἱ</strong></span> <span class='ocrx_word' id='word_1_2' title='bbox 491 388 567 473; x_wconf 78' lang='lat'>384</span> <span class='ocrx_word' id='word_1_3' title='bbox 644 374 648 379; x_wconf 79' lang='grc'><strong>’</strong></span> <span class='ocrx_word' id='word_1_4' title='bbox 988 366 1206 453; x_wconf 79' lang='lat' dir='ltr'>Exercitatio</span> <span class='ocrx_word' id='word_1_5' title='bbox 1244 360 1389 455; x_wconf 82' lang='lat' dir='ltr'><strong>XXVI</strong></span> <span class='ocrx_word' id='word_1_6' title='bbox 1544 428 1551 438; x_wconf 88' lang='lat'><em>-</em></span> 
     </span>
     <span class='ocr_line' id='line_1_2' title="bbox 106 479 1881 611; baseline 0 -40"><span class='ocrx_word' id='word_1_7' title='bbox 106 479 107 522; x_wconf 68' lang='lat'>³</span> <span class='ocrx_word' id='word_1_8' title='bbox 221 524 233 571; x_wconf 73' lang='lat' dir='ltr'>r</span> <span class='ocrx_word' id='word_1_9' title='bbox 303 486 478 611; x_wconf 43' lang='lat' dir='ltr'>mm·</span> <span class='ocrx_word' id='word_1_10' title='bbox 537 491 663 583; x_wconf 87' lang='lat' dir='ltr'><strong>XXII.</strong></span> <span class='ocrx_word' id='word_1_11' title='bbox 687 488 778 581; x_wconf 77' lang='lat' dir='ltr'>Non</span> <span class='ocrx_word' id='word_1_12' title='bbox 795 488 973 573; x_wconf 84' lang='lat' dir='ltr'>diffimqu</span> <span class='ocrx_word' id='word_1_13' title='bbox 988 494 1077 573; x_wconf 87' lang='lat' dir='ltr'>baut</span> <span class='ocrx_word' id='word_1_14' title='bbox 1090 497 1392 589; x_wconf 78' lang='lat' dir='ltr'>contemnendam</span> <span class='ocrx_word' id='word_1_15' title='bbox 1407 480 1881 575; x_wconf 73' lang='lat' dir='ltr'>dtffirntoremsubmm&#39;er</span> 
     </span>
     <span class='ocr_line' id='line_1_3' title="bbox 106 590 1881 695; baseline -0.005 -16"><span class='ocrx_word' id='word_1_16' title='bbox 106 605 107 646; x_wconf 74' lang='lat'>³</span> <span class='ocrx_word' id='word_1_17' title='bbox 307 627 379 679; x_wconf 71' lang='lat' dir='ltr'>unu</span> <span class='ocrx_word' id='word_1_18' title='bbox 388 627 473 682; x_wconf 61' lang='lat' dir='ltr'>fena·</span> <span class='ocrx_word' id='word_1_19' title='bbox 492 598 628 677; x_wconf 84' lang='lat' dir='ltr'>feritate</span> <span class='ocrx_word' id='word_1_20' title='bbox 639 620 769 674; x_wconf 89' lang='lat' dir='ltr'>eorum</span> <span class='ocrx_word' id='word_1_21' title='bbox 780 596 844 695; x_wconf 91' lang='lat' dir='ltr'>qui</span> <span class='ocrx_word' id='word_1_22' title='bbox 854 594 1019 671; x_wconf 82' lang='lat' dir='ltr'>bumanIs</span> <span class='ocrx_word' id='word_1_23' title='bbox 1031 594 1118 695; x_wconf 84' lang='lat' dir='ltr'>pasti</span> <span class='ocrx_word' id='word_1_24' title='bbox 1130 596 1292 673; x_wconf 87' lang='lat' dir='ltr'>carnibus</span> <span class='ocrx_word' id='word_1_25' title='bbox 1302 608 1441 694; x_wconf 83' lang='lat' dir='ltr'>partem</span> <span class='ocrx_word' id='word_1_26' title='bbox 1453 620 1576 673; x_wconf 89' lang='lat' dir='ltr'>earum</span> <span class='ocrx_word' id='word_1_27' title='bbox 1600 596 1640 671; x_wconf 88' lang='lat' dir='ltr'>in</span> <span class='ocrx_word' id='word_1_28' title='bbox 1661 594 1759 670; x_wconf 88' lang='lat' dir='ltr'>suam</span> <span class='ocrx_word' id='word_1_29' title='bbox 1773 590 1881 671; x_wconf 80' lang='lat' dir='ltr'>trans·</span> 
     </span>
     <span class='ocr_line' id='line_1_4' title="bbox 304 690 1881 871; baseline -0.004 -96"><span class='ocrx_word' id='word_1_30' title='bbox 304 692 476 843; x_wconf 45' lang='lat' dir='ltr'>‘mg-</span> <span class='ocrx_word' id='word_1_31' title='bbox 488 694 904 871; x_wconf 45' lang='lat' dir='ltr'>mutarunfitlcstqbstantgqm</span> <span class='ocrx_word' id='word_1_32' title='bbox 916 694 1172 869; x_wconf 61' lang='lat' dir='ltr'>?bQi⁰n¹⁰d⁰</span> <span class='ocrx_word' id='word_1_33' title='bbox 1184 694 1422 869; x_wconf 60' lang='lat' dir='ltr'>enimmeadem</span> <span class='ocrx_word' id='word_1_34' title='bbox 1433 718 1516 815; x_wconf 74' lang='lat' dir='ltr'>earo</span> <span class='ocrx_word' id='word_1_35' title='bbox 1531 751 1542 782; x_wconf 86' lang='lat'>‚</span> <span class='ocrx_word' id='word_1_36' title='bbox 1560 690 1881 869; x_wconf 64' lang='lat' dir='ltr'>·d11i}⁷⁶¹s⁰ffl¹¹¹·h⁰‘</span> 
     </span>
     <span class='ocr_line' id='line_1_5' title="bbox 191 812 1886 989; baseline -0.005 -13"><span class='ocrx_word' id='word_1_37' title='bbox 191 850 200 859; x_wconf 19' lang='grc'>1</span> <span class='ocrx_word' id='word_1_38' title='bbox 307 816 1018 989; x_wconf 51' lang='lat' dir='ltr'>W„‚ffirranidfi,etrgevggmssrss</span> <span class='ocrx_word' id='word_1_39' title='bbox 1030 812 1601 988; x_wconf 46' lang='lat' dir='ltr'>gairgrreeri’iliiiusisrrliliiriiidtiiirire</span> <span class='ocrx_word' id='word_1_40' title='bbox 1614 812 1886 969; x_wconf 51' lang='lat' dir='ltr'>effiffifflg</span> 
     </span>
     <span class='ocr_line' id='line_1_6' title="bbox 454 988 1972 1091; baseline -0.006 -17"><span class='ocrx_word' id='word_1_41' title='bbox 454 1080 463 1088; x_wconf 60' lang='grc'><strong>,</strong></span> <span class='ocrx_word' id='word_1_42' title='bbox 490 996 664 1080; x_wconf 83' lang='lat' dir='ltr'>vorantis,</span> <span class='ocrx_word' id='word_1_43' title='bbox 689 990 869 1087; x_wconf 82' lang='lat' dir='ltr'>eujussuit</span> <span class='ocrx_word' id='word_1_44' title='bbox 888 988 1099 1068; x_wconf 76' lang='lat' dir='ltr'>novissime?</span> <span class='ocrx_word' id='word_1_45' title='bbox 1126 991 1237 1091; x_wconf 85' lang='lat' dir='ltr'>Atqui</span> <span class='ocrx_word' id='word_1_46' title='bbox 1250 1004 1328 1069; x_wconf 88' lang='lat' dir='ltr'>tum</span> <span class='ocrx_word' id='word_1_47' title='bbox 1343 991 1555 1089; x_wconf 82' lang='lat' dir='ltr'>devoratum</span> <span class='ocrx_word' id='word_1_48' title='bbox 1568 1016 1609 1067; x_wconf 89' lang='lat' dir='ltr'>ea</span> <span class='ocrx_word' id='word_1_49' title='bbox 1628 988 1677 1065; x_wconf 94' lang='lat' dir='ltr'>sui</span> <span class='ocrx_word' id='word_1_50' title='bbox 1691 1001 1789 1087; x_wconf 82' lang='lat' dir='ltr'>parte</span> <span class='ocrx_word' id='word_1_51' title='bbox 1802 1012 1881 1065; x_wconf 88' lang='lat' dir='ltr'>mu·</span> <span class='ocrx_word' id='word_1_52' title='bbox 1971 1080 1972 1083; x_wconf 4' lang='grc' dir='ltr'><strong>Ἴ</strong></span> 
     </span>
     <span class='ocr_line' id='line_1_7' title="bbox 491 1086 1881 1191; baseline -0.006 -18"><span class='ocrx_word' id='word_1_53' title='bbox 491 1088 675 1173; x_wconf 86' lang='lat' dir='ltr'>tilumesse</span> <span class='ocrx_word' id='word_1_54' title='bbox 692 1086 903 1183; x_wconf 82' lang='lat' dir='ltr'>necesseest;</span> <span class='ocrx_word' id='word_1_55' title='bbox 930 1114 1010 1191; x_wconf 84' lang='lat' dir='ltr'>quae</span> <span class='ocrx_word' id='word_1_56' title='bbox 1021 1112 1146 1189; x_wconf 81' lang='lat' dir='ltr'>poenas</span> <span class='ocrx_word' id='word_1_57' title='bbox 1164 1090 1292 1167; x_wconf 77' lang='lat' dir='ltr'>subibit</span> <span class='ocrx_word' id='word_1_58' title='bbox 1316 1090 1524 1167; x_wconf 90' lang='lat' dir='ltr'>hominibus</span> <span class='ocrx_word' id='word_1_59' title='bbox 1534 1087 1735 1165; x_wconf 87' lang='lat' dir='ltr'>crudelibus</span> <span class='ocrx_word' id='word_1_60' title='bbox 1755 1110 1797 1165; x_wconf 82' lang='lat' dir='ltr'>ac</span> <span class='ocrx_word' id='word_1_61' title='bbox 1809 1101 1881 1165; x_wconf 79' lang='lat' dir='ltr'>tru·</span> 
     </span>
     <span class='ocr_line' id='line_1_8' title="bbox 491 1186 1923 1294; baseline -0.007 -21"><span class='ocrx_word' id='word_1_62' title='bbox 491 1194 643 1273; x_wconf 85' lang='lat' dir='ltr'>colentis</span> <span class='ocrx_word' id='word_1_63' title='bbox 666 1190 809 1267; x_wconf 75' lang='lat' dir='ltr'>debitae</span> <span class='ocrx_word' id='word_1_64' title='bbox 860 1190 918 1266; x_wconf 90' lang='lat' dir='ltr'>An</span> <span class='ocrx_word' id='word_1_65' title='bbox 939 1190 1112 1266; x_wconf 88' lang='lat' dir='ltr'>devorato</span> <span class='ocrx_word' id='word_1_66' title='bbox 1129 1186 1335 1289; x_wconf 87' lang='lat' dir='ltr'>postliminii</span> <span class='ocrx_word' id='word_1_67' title='bbox 1346 1194 1423 1294; x_wconf 79' lang='lat' dir='ltr'>jure</span> <span class='ocrx_word' id='word_1_68' title='bbox 1444 1188 1640 1266; x_wconf 86' lang='lat' dir='ltr'>reddetur?</span> <span class='ocrx_word' id='word_1_69' title='bbox 1665 1186 1802 1263; x_wconf 83' lang='lat' dir='ltr'>Attum</span> <span class='ocrx_word' id='word_1_70' title='bbox 1819 1186 1881 1263; x_wconf 82' lang='lat' dir='ltr'>de·</span> <span class='ocrx_word' id='word_1_71' title='bbox 1913 1210 1923 1221; x_wconf 82' lang='grc'><em>·</em></span> 
     </span>
     <span class='ocr_line' id='line_1_9' title="bbox 493 1284 1881 1390; baseline -0.004 -22"><span class='ocrx_word' id='word_1_72' title='bbox 493 1306 682 1369; x_wconf 82' lang='lat' dir='ltr'>vorantem</span> <span class='ocrx_word' id='word_1_73' title='bbox 692 1291 804 1367; x_wconf 86' lang='lat' dir='ltr'>carnis</span> <span class='ocrx_word' id='word_1_74' title='bbox 818 1286 885 1365; x_wconf 84' lang='lat' dir='ltr'>suae</span> <span class='ocrx_word' id='word_1_75' title='bbox 895 1301 994 1387; x_wconf 86' lang='lat' dir='ltr'>parte</span> <span class='ocrx_word' id='word_1_76' title='bbox 1007 1287 1148 1365; x_wconf 89' lang='lat' dir='ltr'>multari</span> <span class='ocrx_word' id='word_1_77' title='bbox 1160 1290 1369 1386; x_wconf 79' lang='lat' dir='ltr'>contInget3</span> <span class='ocrx_word' id='word_1_78' title='bbox 1392 1313 1470 1390; x_wconf 87' lang='lat' dir='ltr'>quae</span> <span class='ocrx_word' id='word_1_79' title='bbox 1484 1312 1599 1389; x_wconf 88' lang='lat' dir='ltr'>quum</span> <span class='ocrx_word' id='word_1_80' title='bbox 1621 1284 1712 1365; x_wconf 89' lang='lat' dir='ltr'>male</span> <span class='ocrx_word' id='word_1_81' title='bbox 1732 1286 1881 1363; x_wconf 72' lang='lat' dir='ltr'>numeri</span> 
     </span>
     <span class='ocr_line' id='line_1_10' title="bbox 493 1384 1678 1497; baseline -0.006 -29"><span class='ocrx_word' id='word_1_82' title='bbox 493 1386 718 1491; x_wconf 68' lang='lat' dir='ltr'>dignaretur,</span> <span class='ocrx_word' id='word_1_83' title='bbox 745 1384 860 1465; x_wconf 88' lang='lat' dir='ltr'>inalio</span> <span class='ocrx_word' id='word_1_84' title='bbox 876 1384 1022 1465; x_wconf 80' lang='lat' dir='ltr'>fortarfis</span> <span class='ocrx_word' id='word_1_85' title='bbox 1034 1386 1303 1486; x_wconf 79' lang='lat' dir='ltr'>&#39;glorificabitur</span> <span class='ocrx_word' id='word_1_86' title='bbox 1670 1480 1678 1497; x_wconf 28' lang='grc' dir='ltr'>ι</span> 
     </span>
     <span class='ocr_line' id='line_1_11' title="bbox 545 1482 1882 1585; baseline -0.006 -16"><span class='ocrx_word' id='word_1_87' title='bbox 545 1486 686 1569; x_wconf 85' lang='lat' dir='ltr'><strong>XXIII.</strong></span> <span class='ocrx_word' id='word_1_88' title='bbox 712 1482 853 1565; x_wconf 86' lang='lat' dir='ltr'>Verum</span> <span class='ocrx_word' id='word_1_89' title='bbox 864 1489 1048 1563; x_wconf 86' lang='lat' dir='ltr'>enimvero</span> <span class='ocrx_word' id='word_1_90' title='bbox 1058 1486 1266 1585; x_wconf 85' lang='lat' dir='ltr'>praepostera</span> <span class='ocrx_word' id='word_1_91' title='bbox 1278 1484 1354 1564; x_wconf 86' lang='lat' dir='ltr'>haec</span> <span class='ocrx_word' id='word_1_92' title='bbox 1364 1486 1516 1561; x_wconf 79' lang='lat' dir='ltr'>nInrium</span> <span class='ocrx_word' id='word_1_93' title='bbox 1545 1506 1590 1560; x_wconf 90' lang='lat' dir='ltr'>ue</span> <span class='ocrx_word' id='word_1_94' title='bbox 1604 1482 1882 1561; x_wconf 76' lang='lat' dir='ltr'>curiosasubtili·</span> 
     </span>
     <span class='ocr_line' id='line_1_12' title="bbox 418 1508 1883 1683; baseline -0.005 -17"><span class='ocrx_word' id='word_1_95' title='bbox 418 1644 422 1649; x_wconf 85' lang='lat'>-</span> <span class='ocrx_word' id='word_1_96' title='bbox 495 1589 620 1665; x_wconf 88' lang='lat' dir='ltr'>tasest:</span> <span class='ocrx_word' id='word_1_97' title='bbox 636 1590 694 1667; x_wconf 87' lang='lat' dir='ltr'>cui</span> <span class='ocrx_word' id='word_1_98' title='bbox 702 1598 820 1663; x_wconf 88' lang='lat' dir='ltr'>tamen</span> <span class='ocrx_word' id='word_1_99' title='bbox 833 1585 1063 1668; x_wconf 85' lang='lat' dir='ltr'>retundendae</span> <span class='ocrx_word' id='word_1_100' title='bbox 1080 1608 1157 1661; x_wconf 89' lang='lat' dir='ltr'>non</span> <span class='ocrx_word' id='word_1_101' title='bbox 1169 1582 1294 1681; x_wconf 85' lang='lat' dir='ltr'>desunt</span> <span class='ocrx_word' id='word_1_102' title='bbox 1310 1585 1414 1661; x_wconf 88' lang='lat' dir='ltr'>nobis</span> <span class='ocrx_word' id='word_1_103' title='bbox 1428 1606 1498 1683; x_wconf 90' lang='lat' dir='ltr'>pro</span> <span class='ocrx_word' id='word_1_104' title='bbox 1515 1508 1600 1661; x_wconf 57' lang='lat' dir='ltr'>sseo</span> <span class='ocrx_word' id='word_1_105' title='bbox 1618 1578 1883 1680; x_wconf 68' lang='lat' dir='ltr'>argumentare</span> 
     </span>
     <span class='ocr_line' id='line_1_13' title="bbox 495 1680 1972 1789; baseline -0.007 -24"><span class='ocrx_word' id='word_1_106' title='bbox 495 1689 657 1789; x_wconf 83' lang='lat' dir='ltr'>quamvis</span> <span class='ocrx_word' id='word_1_107' title='bbox 674 1684 765 1761; x_wconf 90' lang='lat' dir='ltr'>nibil</span> <span class='ocrx_word' id='word_1_108' title='bbox 775 1682 972 1761; x_wconf 87' lang='lat' dir='ltr'>admodum</span> <span class='ocrx_word' id='word_1_109' title='bbox 990 1680 1224 1781; x_wconf 86' lang='lat' dir='ltr'>responfionis</span> <span class='ocrx_word' id='word_1_110' title='bbox 1241 1684 1503 1769; x_wconf 77' lang='lat' dir='ltr'>inventremus,</span> <span class='ocrx_word' id='word_1_111' title='bbox 1534 1704 1723 1781; x_wconf 86' lang='lat' dir='ltr'>aequumne</span> <span class='ocrx_word' id='word_1_112' title='bbox 1744 1680 1816 1767; x_wconf 82' lang='lat' dir='ltr'>est,</span> <span class='ocrx_word' id='word_1_113' title='bbox 1842 1694 1884 1761; x_wconf 88' lang='lat' dir='ltr'>ut</span> <span class='ocrx_word' id='word_1_114' title='bbox 1971 1750 1972 1755; x_wconf 8' lang='lat' dir='ltr'>a</span> 
     </span>
     <span class='ocr_line' id='line_1_14' title="bbox 496 1778 1885 1871; baseline -0.006 -8"><span class='ocrx_word' id='word_1_115' title='bbox 496 1810 544 1863; x_wconf 83' lang='lat' dir='ltr'>ex</span> <span class='ocrx_word' id='word_1_116' title='bbox 561 1788 699 1863; x_wconf 84' lang='lat' dir='ltr'>ratione</span> <span class='ocrx_word' id='word_1_117' title='bbox 712 1783 830 1859; x_wconf 82' lang='lat' dir='ltr'>nostra</span> <span class='ocrx_word' id='word_1_118' title='bbox 842 1783 926 1859; x_wconf 81' lang='lat' dir='ltr'>exili</span> <span class='ocrx_word' id='word_1_119' title='bbox 939 1782 1015 1870; x_wconf 84' lang='lat' dir='ltr'>isla,</span> <span class='ocrx_word' id='word_1_120' title='bbox 1044 1780 1274 1871; x_wconf 86' lang='lat' dir='ltr'>febriculosa,</span> <span class='ocrx_word' id='word_1_121' title='bbox 1297 1782 1418 1861; x_wconf 89' lang='lat' dir='ltr'>multis</span> <span class='ocrx_word' id='word_1_122' title='bbox 1431 1778 1589 1859; x_wconf 88' lang='lat' dir='ltr'>involuta</span> <span class='ocrx_word' id='word_1_123' title='bbox 1601 1782 1754 1857; x_wconf 83' lang='lat' dir='ltr'>tenebris</span> <span class='ocrx_word' id='word_1_124' title='bbox 1767 1836 1778 1867; x_wconf 92' lang='lat'>,</span> <span class='ocrx_word' id='word_1_125' title='bbox 1792 1778 1885 1855; x_wconf 87' lang='lat' dir='ltr'>rnul-</span> 
     </span>
     <span class='ocr_line' id='line_1_15' title="bbox 347 1878 1885 1984; baseline -0.01 -18"><span class='ocrx_word' id='word_1_126' title='bbox 347 1939 352 1949; x_wconf 45' lang='grc' dir='ltr'><em>ι</em></span> <span class='ocrx_word' id='word_1_127' title='bbox 496 1878 1213 1984; x_wconf 77' lang='lat' dir='ltr'>tis&#39;inquinatavitiis,DeisaientIan1,</span> <span class='ocrx_word' id='word_1_128' title='bbox 1245 1884 1467 1981; x_wconf 86' lang='lat' dir='ltr'>potentiam,</span> <span class='ocrx_word' id='word_1_129' title='bbox 1493 1880 1722 1957; x_wconf 85' lang='lat' dir='ltr'>eonstmtiam</span> <span class='ocrx_word' id='word_1_130' title='bbox 1742 1880 1782 1953; x_wconf 88' lang='lat' dir='ltr'>in</span> <span class='ocrx_word' id='word_1_131' title='bbox 1827 1894 1885 1953; x_wconf 87' lang='lat' dir='ltr'>ro-</span> 
     </span>
     <span class='ocr_line' id='line_1_16' title="bbox 496 1905 1886 2081; baseline -0.004 -22"><span class='ocrx_word' id='word_1_132' title='bbox 496 1980 624 2070; x_wconf 76' lang='lat' dir='ltr'>missss,</span> <span class='ocrx_word' id='word_1_133' title='bbox 655 1979 967 2080; x_wconf 76' lang='lat' dir='ltr'>&amp;providendam</span> <span class='ocrx_word' id='word_1_134' title='bbox 989 1905 1254 2069; x_wconf 58' lang='lat' dir='ltr'>aimirabssem</span> <span class='ocrx_word' id='word_1_135' title='bbox 1280 1996 1387 2081; x_wconf 86' lang='lat' dir='ltr'>atque</span> <span class='ocrx_word' id='word_1_136' title='bbox 1409 1980 1448 2054; x_wconf 90' lang='lat' dir='ltr'>in</span> <span class='ocrx_word' id='word_1_137' title='bbox 1468 1976 1654 2079; x_wconf 86' lang='lat' dir='ltr'>quantisvis</span> <span class='ocrx_word' id='word_1_138' title='bbox 1673 1974 1746 2053; x_wconf 87' lang='lat' dir='ltr'>diffi</span> <span class='ocrx_word' id='word_1_139' title='bbox 1808 1978 1886 2053; x_wconf 67' lang='lat' dir='ltr'>tati</span> 
     </span>
     <span class='ocr_line' id='line_1_17' title="bbox 497 2072 1885 2179; baseline -0.004 -22"><span class='ocrx_word' id='word_1_140' title='bbox 497 2084 564 2159; x_wconf 75' lang='lat' dir='ltr'>bars</span> <span class='ocrx_word' id='word_1_141' title='bbox 588 2078 1026 2179; x_wconf 16' lang='lat' dir='ltr'>solvendisxiocredibiiem</span> <span class='ocrx_word' id='word_1_142' title='bbox 1043 2078 1313 2167; x_wconf 82' lang='lat' dir='ltr'>dexteritatem,</span> <span class='ocrx_word' id='word_1_143' title='bbox 1338 2080 1529 2157; x_wconf 87' lang='lat' dir='ltr'>metiamur</span> <span class='ocrx_word' id='word_1_144' title='bbox 1545 2100 1587 2155; x_wconf 88' lang='lat' dir='ltr'>ac</span> <span class='ocrx_word' id='word_1_145' title='bbox 1606 2078 1853 2176; x_wconf 86' lang='lat' dir='ltr'>ponderemus</span> <span class='ocrx_word' id='word_1_146' title='bbox 1869 2072 1885 2151; x_wconf 82' lang='grc'>1</span> 
     </span>
     <span class='ocr_line' id='line_1_18' title="bbox 496 2174 1885 2279; baseline -0.005 -21"><span class='ocrx_word' id='word_1_147' title='bbox 496 2178 665 2277; x_wconf 83' lang='lat' dir='ltr'>Indignas</span> <span class='ocrx_word' id='word_1_148' title='bbox 676 2178 837 2278; x_wconf 72' lang='lat' dir='ltr'>profesto</span> <span class='ocrx_word' id='word_1_149' title='bbox 849 2177 895 2254; x_wconf 89' lang='lat' dir='ltr'>de</span> <span class='ocrx_word' id='word_1_150' title='bbox 905 2176 990 2255; x_wconf 90' lang='lat' dir='ltr'>Deo</span> <span class='ocrx_word' id='word_1_151' title='bbox 1003 2180 1241 2275; x_wconf 82' lang='lat' dir='ltr'>cogitationes</span> <span class='ocrx_word' id='word_1_152' title='bbox 1253 2176 1372 2267; x_wconf 84' lang='lat' dir='ltr'>fovet,</span> <span class='ocrx_word' id='word_1_153' title='bbox 1395 2178 1457 2279; x_wconf 88' lang='lat' dir='ltr'>qui</span> <span class='ocrx_word' id='word_1_154' title='bbox 1473 2178 1634 2253; x_wconf 87' lang='lat' dir='ltr'>animum</span> <span class='ocrx_word' id='word_1_155' title='bbox 1643 2175 1782 2253; x_wconf 89' lang='lat' dir='ltr'>inducit</span> <span class='ocrx_word' id='word_1_156' title='bbox 1795 2174 1885 2252; x_wconf 88' lang='lat' dir='ltr'>nibil</span> 
     </span>
     <span class='ocr_line' id='line_1_19' title="bbox 498 2274 1884 2378; baseline -0.001 -23"><span class='ocrx_word' id='word_1_157' title='bbox 498 2277 696 2366; x_wconf 88' lang='lat' dir='ltr'>eicredere,</span> <span class='ocrx_word' id='word_1_158' title='bbox 716 2274 890 2377; x_wconf 87' lang='lat' dir='ltr'>nisiquod</span> <span class='ocrx_word' id='word_1_159' title='bbox 902 2278 971 2355; x_wconf 78' lang='lat' dir='ltr'>suae</span> <span class='ocrx_word' id='word_1_160' title='bbox 985 2276 1058 2376; x_wconf 84' lang='lat' dir='ltr'>ipse</span> <span class='ocrx_word' id='word_1_161' title='bbox 1075 2278 1205 2352; x_wconf 90' lang='lat' dir='ltr'>mentis</span> <span class='ocrx_word' id='word_1_162' title='bbox 1217 2278 1290 2354; x_wconf 86' lang='lat' dir='ltr'>acie</span> <span class='ocrx_word' id='word_1_163' title='bbox 1300 2276 1536 2378; x_wconf 84' lang='lat' dir='ltr'>pervestigare</span> <span class='ocrx_word' id='word_1_164' title='bbox 1552 2274 1721 2375; x_wconf 87' lang='lat' dir='ltr'>&amp;quoad</span> <span class='ocrx_word' id='word_1_165' title='bbox 1731 2298 1884 2353; x_wconf 87' lang='lat' dir='ltr'>omnem</span> 
     </span>
     <span class='ocr_line' id='line_1_20' title="bbox 495 2372 1972 2550; baseline -0.001 -97"><span class='ocrx_word' id='word_1_166' title='bbox 495 2378 588 2464; x_wconf 86' lang='lat' dir='ltr'>illius</span> <span class='ocrx_word' id='word_1_167' title='bbox 606 2376 762 2453; x_wconf 90' lang='lat' dir='ltr'>modum</span> <span class='ocrx_word' id='word_1_168' title='bbox 779 2377 1027 2477; x_wconf 87' lang='lat' dir='ltr'>rationemque</span> <span class='ocrx_word' id='word_1_169' title='bbox 1039 2374 1205 2550; x_wconf 66' lang='lat' dir='ltr'>prosequi</span> <span class='ocrx_word' id='word_1_170' title='bbox 1224 2374 1344 2453; x_wconf 82' lang='lat' dir='ltr'>valeat.</span> <span class='ocrx_word' id='word_1_171' title='bbox 1397 2372 1514 2469; x_wconf 91' lang='lat' dir='ltr'>Quod</span> <span class='ocrx_word' id='word_1_172' title='bbox 1539 2387 1658 2452; x_wconf 87' lang='lat' dir='ltr'>tamen</span> <span class='ocrx_word' id='word_1_173' title='bbox 1682 2397 1762 2451; x_wconf 91' lang='lat' dir='ltr'>non</span> <span class='ocrx_word' id='word_1_174' title='bbox 1780 2374 1885 2453; x_wconf 86' lang='lat' dir='ltr'>eade</span> <span class='ocrx_word' id='word_1_175' title='bbox 1966 2374 1972 2391; x_wconf 91' lang='lat'>&#39;</span> 
     </span>
     <span class='ocr_line' id='line_1_21' title="bbox 496 2472 1970 2576; baseline -0.003 -23"><span class='ocrx_word' id='word_1_176' title='bbox 496 2474 608 2554; x_wconf 79' lang='lat' dir='ltr'>caussa</span> <span class='ocrx_word' id='word_1_177' title='bbox 621 2474 756 2552; x_wconf 88' lang='lat' dir='ltr'>anobis</span> <span class='ocrx_word' id='word_1_178' title='bbox 767 2472 918 2562; x_wconf 88' lang='lat' dir='ltr'>dicitur,</span> <span class='ocrx_word' id='word_1_179' title='bbox 937 2478 1020 2576; x_wconf 89' lang='lat' dir='ltr'>quia</span> <span class='ocrx_word' id='word_1_180' title='bbox 1032 2474 1151 2561; x_wconf 77' lang='lat' dir='ltr'>nihilo</span> <span class='ocrx_word' id='word_1_181' title='bbox 1171 2473 1228 2553; x_wconf 88' lang='lat' dir='ltr'>&#39;ud</span> <span class='ocrx_word' id='word_1_182' title='bbox 1239 2474 1432 2556; x_wconf 77' lang='lat' dir='ltr'>dicendum</span> <span class='ocrx_word' id='word_1_183' title='bbox 1449 2474 1512 2573; x_wconf 91' lang='lat' dir='ltr'>sup</span> <span class='ocrx_word' id='word_1_184' title='bbox 1539 2476 1624 2550; x_wconf 89' lang='lat' dir='ltr'>etit:</span> <span class='ocrx_word' id='word_1_185' title='bbox 1651 2472 1708 2551; x_wconf 90' lang='lat' dir='ltr'>sed</span> <span class='ocrx_word' id='word_1_186' title='bbox 1721 2474 1888 2573; x_wconf 86' lang='lat' dir='ltr'>quiauti·</span> <span class='ocrx_word' id='word_1_187' title='bbox 1969 2558 1970 2563; x_wconf 0' lang='lat' dir='ltr'>a</span> 
     </span>
     <span class='ocr_line' id='line_1_22' title="bbox 495 2498 1889 2674; baseline 0 -22"><span class='ocrx_word' id='word_1_188' title='bbox 495 2574 530 2656; x_wconf 93' lang='lat' dir='ltr'>le</span> <span class='ocrx_word' id='word_1_189' title='bbox 546 2576 595 2652; x_wconf 91' lang='lat' dir='ltr'>est</span> <span class='ocrx_word' id='word_1_190' title='bbox 605 2577 733 2650; x_wconf 87' lang='lat' dir='ltr'>rationi</span> <span class='ocrx_word' id='word_1_191' title='bbox 746 2572 907 2651; x_wconf 79' lang='lat' dir='ltr'>adversus</span> <span class='ocrx_word' id='word_1_192' title='bbox 919 2572 1041 2654; x_wconf 88' lang='lat' dir='ltr'>Deum</span> <span class='ocrx_word' id='word_1_193' title='bbox 1067 2572 1283 2674; x_wconf 88' lang='lat' dir='ltr'>responsanti</span> <span class='ocrx_word' id='word_1_194' title='bbox 1294 2579 1424 2654; x_wconf 86' lang='lat' dir='ltr'>iterum</span> <span class='ocrx_word' id='word_1_195' title='bbox 1443 2498 1537 2650; x_wconf 69' lang='lat' dir='ltr'>illuri</span> <span class='ocrx_word' id='word_1_196' title='bbox 1546 2574 1748 2674; x_wconf 77' lang='lat' dir='ltr'>iterumque</span> <span class='ocrx_word' id='word_1_197' title='bbox 1771 2572 1889 2652; x_wconf 89' lang='lat' dir='ltr'>incul-</span> 
     </span>
     <span class='ocr_line' id='line_1_23' title="bbox 497 2671 1890 2778; baseline -0.001 -25"><span class='ocrx_word' id='word_1_198' title='bbox 497 2677 592 2763; x_wconf 86' lang='lat' dir='ltr'>cari,</span> <span class='ocrx_word' id='word_1_199' title='bbox 618 2673 708 2749; x_wconf 88' lang='lat' dir='ltr'>nihil</span> <span class='ocrx_word' id='word_1_200' title='bbox 719 2675 854 2774; x_wconf 78' lang='lat' dir='ltr'>aequius</span> <span class='ocrx_word' id='word_1_201' title='bbox 873 2673 938 2752; x_wconf 86' lang='lat' dir='ltr'>esse</span> <span class='ocrx_word' id='word_1_202' title='bbox 956 2699 1066 2778; x_wconf 82' lang='lat' dir='ltr'>quam</span> <span class='ocrx_word' id='word_1_203' title='bbox 1077 2687 1118 2750; x_wconf 89' lang='lat' dir='ltr'>ut</span> <span class='ocrx_word' id='word_1_204' title='bbox 1134 2676 1173 2748; x_wconf 91' lang='lat' dir='ltr'>in</span> <span class='ocrx_word' id='word_1_205' title='bbox 1184 2671 1404 2751; x_wconf 78' lang='lat' dir='ltr'>Diuinorum</span> <span class='ocrx_word' id='word_1_206' title='bbox 1420 2673 1669 2771; x_wconf 86' lang='lat' dir='ltr'>mysterimum</span> <span class='ocrx_word' id='word_1_207' title='bbox 1683 2673 1890 2752; x_wconf 81' lang='lat' dir='ltr'>meditatio-</span> 
     </span>
     <span class='ocr_line' id='line_1_24' title="bbox 446 2767 1971 2872; baseline -0.008 -18"><span class='ocrx_word' id='word_1_208' title='bbox 446 2825 451 2832; x_wconf 85' lang='lat'><strong>·</strong></span> <span class='ocrx_word' id='word_1_209' title='bbox 496 2799 567 2862; x_wconf 86' lang='lat' dir='ltr'>ne,</span> <span class='ocrx_word' id='word_1_210' title='bbox 598 2772 630 2852; x_wconf 87' lang='lat' dir='ltr'>se</span> <span class='ocrx_word' id='word_1_211' title='bbox 657 2770 746 2850; x_wconf 84' lang='lat' dir='ltr'>osrto</span> <span class='ocrx_word' id='word_1_212' title='bbox 764 2773 868 2849; x_wconf 91' lang='lat' dir='ltr'>omni</span> <span class='ocrx_word' id='word_1_213' title='bbox 879 2781 1042 2860; x_wconf 56' lang='lat' dir='ltr'>roborat·</span> <span class='ocrx_word' id='word_1_214' title='bbox 1064 2771 1225 2848; x_wconf 86' lang='lat' dir='ltr'>edomari</span> <span class='ocrx_word' id='word_1_215' title='bbox 1237 2770 1270 2848; x_wconf 91' lang='lat' dir='ltr'>se</span> <span class='ocrx_word' id='word_1_216' title='bbox 1285 2771 1329 2850; x_wconf 85' lang='lat' dir='ltr'>ad</span> <span class='ocrx_word' id='word_1_217' title='bbox 1342 2773 1554 2872; x_wconf 82' lang='lat' dir='ltr'>obsequium</span> <span class='ocrx_word' id='word_1_218' title='bbox 1574 2767 1658 2848; x_wconf 88' lang='lat' dir='ltr'>fidei</span> <span class='ocrx_word' id='word_1_219' title='bbox 1672 2773 1837 2872; x_wconf 78' lang='lat' dir='ltr'>patiebar.</span> <span class='ocrx_word' id='word_1_220' title='bbox 1970 2837 1971 2842; x_wconf 8' lang='lat' dir='ltr'>a</span> 
     </span>
     <span class='ocr_line' id='line_1_25' title="bbox 683 2867 1970 2972; baseline 0.001 -25"><span class='ocrx_word' id='word_1_221' title='bbox 683 2929 691 2947; x_wconf 92' lang='lat'><strong>.</strong></span> <span class='ocrx_word' id='word_1_222' title='bbox 718 2867 771 2948; x_wconf 88' lang='lat' dir='ltr'>Ut</span> <span class='ocrx_word' id='word_1_223' title='bbox 780 2895 872 2970; x_wconf 87' lang='lat' dir='ltr'>ergo</span> <span class='ocrx_word' id='word_1_224' title='bbox 880 2867 924 2946; x_wconf 90' lang='lat' dir='ltr'>ad</span> <span class='ocrx_word' id='word_1_225' title='bbox 936 2893 1013 2946; x_wconf 91' lang='lat' dir='ltr'>rem</span> <span class='ocrx_word' id='word_1_226' title='bbox 1026 2869 1136 2972; x_wconf 84' lang='lat' dir='ltr'>ipsam</span> <span class='ocrx_word' id='word_1_227' title='bbox 1147 2869 1356 2950; x_wconf 81' lang='lat' dir='ltr'>accedamus</span> <span class='ocrx_word' id='word_1_228' title='bbox 1373 2873 1547 2972; x_wconf 86' lang='lat' dir='ltr'>propius:</span> <span class='ocrx_word' id='word_1_229' title='bbox 1573 2871 1804 2950; x_wconf 80' lang='lat' dir='ltr'>observamus</span> <span class='ocrx_word' id='word_1_230' title='bbox 1816 2873 1889 2972; x_wconf 86' lang='lat' dir='ltr'>pri·</span> <span class='ocrx_word' id='word_1_231' title='bbox 1969 2943 1970 2948; x_wconf 8' lang='lat' dir='ltr'>a</span> 
     </span>
     <span class='ocr_line' id='line_1_26' title="bbox 498 2967 1890 3069; baseline -0.001 -19"><span class='ocrx_word' id='word_1_232' title='bbox 498 2996 563 3050; x_wconf 89' lang='lat' dir='ltr'>mo</span> <span class='ocrx_word' id='word_1_233' title='bbox 581 3029 593 3060; x_wconf 89' lang='lat'>,</span> <span class='ocrx_word' id='word_1_234' title='bbox 621 2994 698 3048; x_wconf 89' lang='lat' dir='ltr'>non</span> <span class='ocrx_word' id='word_1_235' title='bbox 715 2967 780 3048; x_wconf 85' lang='lat' dir='ltr'>etse</span> <span class='ocrx_word' id='word_1_236' title='bbox 792 2967 1020 3052; x_wconf 70' lang='lat' dir='ltr'>necessarium</span> <span class='ocrx_word' id='word_1_237' title='bbox 1030 2970 1077 3046; x_wconf 90' lang='lat' dir='ltr'>ad</span> <span class='ocrx_word' id='word_1_238' title='bbox 1090 2973 1252 3069; x_wconf 83' lang='lat' dir='ltr'>corporis</span> <span class='ocrx_word' id='word_1_239' title='bbox 1264 2981 1428 3059; x_wconf 62' lang='lat' dir='ltr'>rmtm«,</span> <span class='ocrx_word' id='word_1_240' title='bbox 1444 2985 1484 3048; x_wconf 90' lang='lat' dir='ltr'>ut</span> <span class='ocrx_word' id='word_1_241' title='bbox 1496 2969 1618 3047; x_wconf 84' lang='lat' dir='ltr'>iisdem</span> <span class='ocrx_word' id='word_1_242' title='bbox 1631 2973 1787 3048; x_wconf 88' lang='lat' dir='ltr'>omnino</span> <span class='ocrx_word' id='word_1_243' title='bbox 1800 2995 1890 3049; x_wconf 88' lang='lat' dir='ltr'>con·</span> 
     </span>
     <span class='ocr_line' id='line_1_27' title="bbox 498 3065 1887 3170; baseline -0.001 -22"><span class='ocrx_word' id='word_1_244' title='bbox 498 3071 565 3148; x_wconf 90' lang='lat' dir='ltr'>stet</span> <span class='ocrx_word' id='word_1_245' title='bbox 577 3070 735 3170; x_wconf 82' lang='lat' dir='ltr'>parthus</span> <span class='ocrx_word' id='word_1_246' title='bbox 753 3072 883 3170; x_wconf 87' lang='lat' dir='ltr'>quibus</span> <span class='ocrx_word' id='word_1_247' title='bbox 901 3068 1057 3146; x_wconf 86' lang='lat' dir='ltr'>constitit</span> <span class='ocrx_word' id='word_1_248' title='bbox 1078 3067 1178 3146; x_wconf 90' lang='lat' dir='ltr'>olim.</span> <span class='ocrx_word' id='word_1_249' title='bbox 1228 3067 1318 3146; x_wconf 90' lang='lat' dir='ltr'>Non</span> <span class='ocrx_word' id='word_1_250' title='bbox 1340 3070 1437 3146; x_wconf 92' lang='lat' dir='ltr'>enim</span> <span class='ocrx_word' id='word_1_251' title='bbox 1450 3065 1476 3146; x_wconf 88' lang='lat' dir='ltr'><strong>fi</strong></span> <span class='ocrx_word' id='word_1_252' title='bbox 1488 3067 1576 3170; x_wconf 88' lang='lat' dir='ltr'>quid</span> <span class='ocrx_word' id='word_1_253' title='bbox 1602 3071 1755 3148; x_wconf 80' lang='lat' dir='ltr'>materbe</span> <span class='ocrx_word' id='word_1_254' title='bbox 1776 3068 1887 3160; x_wconf 85' lang='lat' dir='ltr'>defit,</span> 
     </span>
     <span class='ocr_line' id='line_1_28' title="bbox 497 3163 1887 3268; baseline 0 -21"><span class='ocrx_word' id='word_1_255' title='bbox 497 3169 596 3247; x_wconf 90' lang='lat' dir='ltr'>idem</span> <span class='ocrx_word' id='word_1_256' title='bbox 608 3193 654 3248; x_wconf 88' lang='lat' dir='ltr'>eo</span> <span class='ocrx_word' id='word_1_257' title='bbox 698 3191 740 3245; x_wconf 87' lang='lat' dir='ltr'>us</span> <span class='ocrx_word' id='word_1_258' title='bbox 759 3166 825 3244; x_wconf 89' lang='lat' dir='ltr'>esse</span> <span class='ocrx_word' id='word_1_259' title='bbox 843 3163 976 3243; x_wconf 83' lang='lat' dir='ltr'>desinit</span> <span class='ocrx_word' id='word_1_260' title='bbox 1027 3167 1268 3261; x_wconf 86' lang='lat' dir='ltr'>Quisaudivit</span> <span class='ocrx_word' id='word_1_261' title='bbox 1284 3191 1467 3267; x_wconf 85' lang='lat' dir='ltr'>unquam,</span> <span class='ocrx_word' id='word_1_262' title='bbox 1494 3182 1597 3244; x_wconf 86' lang='lat' dir='ltr'>antro</span> <span class='ocrx_word' id='word_1_263' title='bbox 1625 3167 1887 3268; x_wconf 76' lang='lat' dir='ltr'>ophngosuni</span> 
     </span>
     <span class='ocr_line' id='line_1_29' title="bbox 499 3192 1883 3361; baseline -0.001 -16"><span class='ocrx_word' id='word_1_264' title='bbox 499 3267 640 3345; x_wconf 81' lang='lat' dir='ltr'>versum</span> <span class='ocrx_word' id='word_1_265' title='bbox 691 3267 824 3342; x_wconf 86' lang='lat' dir='ltr'>ominis</span> <span class='ocrx_word' id='word_1_266' title='bbox 846 3287 978 3361; x_wconf 85' lang='lat' dir='ltr'>eorpus</span> <span class='ocrx_word' id='word_1_267' title='bbox 995 3263 1206 3344; x_wconf 81' lang='lat' dir='ltr'>devorasse?</span> <span class='ocrx_word' id='word_1_268' title='bbox 1238 3264 1307 3344; x_wconf 86' lang='lat' dir='ltr'>Fac</span> <span class='ocrx_word' id='word_1_269' title='bbox 1320 3278 1437 3343; x_wconf 84' lang='lat' dir='ltr'>tamen</span> <span class='ocrx_word' id='word_1_270' title='bbox 1457 3192 1636 3345; x_wconf 73' lang='lat' dir='ltr'>deroraiie</span> <span class='ocrx_word' id='word_1_271' title='bbox 1661 3264 1883 3356; x_wconf 80' lang='lat' dir='ltr'>universam,</span> 
     </span>
     <span class='ocr_line' id='line_1_30' title="bbox 456 3360 1886 3468; baseline -0.001 -24"><span class='ocrx_word' id='word_1_272' title='bbox 456 3401 466 3412; x_wconf 57' lang='lat'><strong><em>¹</em></strong></span> <span class='ocrx_word' id='word_1_273' title='bbox 500 3365 670 3468; x_wconf 90' lang='lat' dir='ltr'>quantula</span> <span class='ocrx_word' id='word_1_274' title='bbox 686 3388 767 3463; x_wconf 76' lang='lat' dir='ltr'>pare</span> <span class='ocrx_word' id='word_1_275' title='bbox 783 3360 963 3440; x_wconf 84' lang='lat' dir='ltr'>comebin</span> <span class='ocrx_word' id='word_1_276' title='bbox 979 3363 1202 3444; x_wconf 87' lang='lat' dir='ltr'>comedentis</span> <span class='ocrx_word' id='word_1_277' title='bbox 1213 3363 1343 3443; x_wconf 77' lang='lat' dir='ltr'>facessat</span> <span class='ocrx_word' id='word_1_278' title='bbox 1354 3365 1601 3450; x_wconf 79' lang='lat' dir='ltr'>substantiam?</span> <span class='ocrx_word' id='word_1_279' title='bbox 1627 3367 1820 3461; x_wconf 84' lang='lat' dir='ltr'>Quantum</span> <span class='ocrx_word' id='word_1_280' title='bbox 1838 3367 1886 3444; x_wconf 88' lang='lat' dir='ltr'>est</span> 
     </span>
     <span class='ocr_line' id='line_1_31' title="bbox 502 3460 1971 3566; baseline 0 -23"><span class='ocrx_word' id='word_1_281' title='bbox 502 3464 603 3566; x_wconf 88' lang='lat' dir='ltr'>quod</span> <span class='ocrx_word' id='word_1_282' title='bbox 615 3487 678 3562; x_wconf 89' lang='lat' dir='ltr'>per</span> <span class='ocrx_word' id='word_1_283' title='bbox 689 3462 834 3539; x_wconf 78' lang='lat' dir='ltr'>sudores</span> <span class='ocrx_word' id='word_1_284' title='bbox 846 3460 1087 3562; x_wconf 90' lang='lat' dir='ltr'>humoresque</span> <span class='ocrx_word' id='word_1_285' title='bbox 1098 3461 1207 3554; x_wconf 86' lang='lat' dir='ltr'>alios,</span> <span class='ocrx_word' id='word_1_286' title='bbox 1227 3461 1328 3565; x_wconf 90' lang='lat' dir='ltr'>quod</span> <span class='ocrx_word' id='word_1_287' title='bbox 1338 3463 1568 3563; x_wconf 82' lang='lat' dir='ltr'>peterassrora</span> <span class='ocrx_word' id='word_1_288' title='bbox 1580 3469 1813 3556; x_wconf 85' lang='lat' dir='ltr'>retrimenta,</span> <span class='ocrx_word' id='word_1_289' title='bbox 1831 3463 1887 3542; x_wconf 81' lang='lat' dir='ltr'>rei</span> <span class='ocrx_word' id='word_1_290' title='bbox 1969 3519 1971 3524; x_wconf 68' lang='lat'><em>,</em></span> 
     </span>
     <span class='ocr_line' id='line_1_32' title="bbox 502 3560 1888 3664; baseline 0.001 -23"><span class='ocrx_word' id='word_1_291' title='bbox 502 3561 731 3641; x_wconf 74' lang='lat' dir='ltr'>insensibilem</span> <span class='ocrx_word' id='word_1_292' title='bbox 744 3563 850 3639; x_wconf 85' lang='lat' dir='ltr'>etiam</span> <span class='ocrx_word' id='word_1_293' title='bbox 863 3560 1185 3662; x_wconf 86' lang='lat' dir='ltr'>transpirationem,</span> <span class='ocrx_word' id='word_1_294' title='bbox 1216 3561 1444 3640; x_wconf 84' lang='lat' dir='ltr'>excernitur?</span> <span class='ocrx_word' id='word_1_295' title='bbox 1472 3563 1556 3658; x_wconf 86' lang='lat' dir='ltr'>Qua</span> <span class='ocrx_word' id='word_1_296' title='bbox 1569 3563 1664 3642; x_wconf 91' lang='lat' dir='ltr'>dere</span> <span class='ocrx_word' id='word_1_297' title='bbox 1677 3563 1888 3664; x_wconf 84' lang='lat' dir='ltr'>Physiciau·</span> 
     </span>
     <span class='ocr_line' id='line_1_33' title="bbox 502 3659 1888 3780; baseline 0.001 -40"><span class='ocrx_word' id='word_1_298' title='bbox 502 3663 568 3740; x_wconf 90' lang='lat' dir='ltr'>diri</span> <span class='ocrx_word' id='word_1_299' title='bbox 577 3661 766 3762; x_wconf 86' lang='lat' dir='ltr'>possunt&amp;</span> <span class='ocrx_word' id='word_1_300' title='bbox 782 3659 930 3770; x_wconf 83' lang='lat' dir='ltr'>Medici.</span> <span class='ocrx_word' id='word_1_301' title='bbox 979 3659 1073 3753; x_wconf 83' lang='lat' dir='ltr'>Quae</span> <span class='ocrx_word' id='word_1_302' title='bbox 1086 3663 1195 3759; x_wconf 85' lang='lat' dir='ltr'>igitur</span> <span class='ocrx_word' id='word_1_303' title='bbox 1206 3661 1421 3740; x_wconf 84' lang='lat' dir='ltr'>restantnon</span> <span class='ocrx_word' id='word_1_304' title='bbox 1431 3661 1620 3754; x_wconf 87' lang='lat' dir='ltr'>devorata,</span> <span class='ocrx_word' id='word_1_305' title='bbox 1647 3677 1802 3764; x_wconf 81' lang='lat' dir='ltr'>autquae</span> <span class='ocrx_word' id='word_1_306' title='bbox 1815 3667 1888 3780; x_wconf 78' lang='lat' dir='ltr'>jam</span> 
     </span>
     <span class='ocr_line' id='line_1_34' title="bbox 501 3757 1888 3856; baseline 0.001 -17"><span class='ocrx_word' id='word_1_307' title='bbox 501 3761 669 3856; x_wconf 69' lang='lat' dir='ltr'>deuorato</span> <span class='ocrx_word' id='word_1_308' title='bbox 682 3762 722 3835; x_wconf 88' lang='lat' dir='ltr'>in</span> <span class='ocrx_word' id='word_1_309' title='bbox 745 3757 1039 3837; x_wconf 75' lang='lat' dir='ltr'>devorantitnon-</span> <span class='ocrx_word' id='word_1_310' title='bbox 1053 3757 1259 3838; x_wconf 75' lang='lat' dir='ltr'>transierunt</span> <span class='ocrx_word' id='word_1_311' title='bbox 1285 3757 1530 3854; x_wconf 65' lang='lat' dir='ltr'>substantiam</span> <span class='ocrx_word' id='word_1_312' title='bbox 1556 3764 1735 3841; x_wconf 73' lang='lat' dir='ltr'>Immensae</span> <span class='ocrx_word' id='word_1_313' title='bbox 1751 3759 1825 3841; x_wconf 88' lang='lat' dir='ltr'>Der</span> <span class='ocrx_word' id='word_1_314' title='bbox 1840 3761 1888 3840; x_wconf 76' lang='lat' dir='ltr'>b-</span> 
     </span>
     <span class='ocr_line' id='line_1_35' title="bbox 500 3852 1889 3960; baseline -0.001 -20"><span class='ocrx_word' id='word_1_315' title='bbox 500 3864 643 3960; x_wconf 84' lang='lat' dir='ltr'>pientiae</span> <span class='ocrx_word' id='word_1_316' title='bbox 655 3883 696 3937; x_wconf 90' lang='lat' dir='ltr'>ac</span> <span class='ocrx_word' id='word_1_317' title='bbox 708 3859 878 3958; x_wconf 70' lang='lat' dir='ltr'>potentiae</span> <span class='ocrx_word' id='word_1_318' title='bbox 891 3852 1087 3948; x_wconf 83' lang='lat' dir='ltr'>sufficiunt,</span> <span class='ocrx_word' id='word_1_319' title='bbox 1104 3873 1199 3944; x_wconf 83' lang='lat' dir='ltr'>utex</span> <span class='ocrx_word' id='word_1_320' title='bbox 1210 3861 1251 3936; x_wconf 90' lang='lat' dir='ltr'>iis</span> <span class='ocrx_word' id='word_1_321' title='bbox 1263 3857 1444 3938; x_wconf 85' lang='lat' dir='ltr'>demortui</span> <span class='ocrx_word' id='word_1_322' title='bbox 1456 3859 1615 3940; x_wconf 72' lang='lat' dir='ltr'>homins</span> <span class='ocrx_word' id='word_1_323' title='bbox 1624 3885 1758 3960; x_wconf 83' lang='lat' dir='ltr'>eorpus</span> <span class='ocrx_word' id='word_1_324' title='bbox 1784 3859 1889 3939; x_wconf 84' lang='lat' dir='ltr'>resus-</span> 
     </span>
     <span class='ocr_line' id='line_1_36' title="bbox 502 3956 1949 4064; baseline 0 -26"><span class='ocrx_word' id='word_1_325' title='bbox 502 3964 596 4038; x_wconf 79' lang='lat' dir='ltr'>citet</span> <span class='ocrx_word' id='word_1_326' title='bbox 648 3957 764 4052; x_wconf 89' lang='lat' dir='ltr'>Quod</span> <span class='ocrx_word' id='word_1_327' title='bbox 775 3981 853 4034; x_wconf 88' lang='lat' dir='ltr'>non</span> <span class='ocrx_word' id='word_1_328' title='bbox 873 3956 1009 4034; x_wconf 86' lang='lat' dir='ltr'>ichrco</span> <span class='ocrx_word' id='word_1_329' title='bbox 1023 3982 1102 4034; x_wconf 91' lang='lat' dir='ltr'>non</span> <span class='ocrx_word' id='word_1_330' title='bbox 1120 3961 1187 4036; x_wconf 82' lang='lat' dir='ltr'>erit</span> <span class='ocrx_word' id='word_1_331' title='bbox 1208 3957 1330 4050; x_wconf 90' lang='lat' dir='ltr'>idem,</span> <span class='ocrx_word' id='word_1_332' title='bbox 1358 3961 1442 4064; x_wconf 78' lang='lat' dir='ltr'>quin</span> <span class='ocrx_word' id='word_1_333' title='bbox 1460 3957 1641 4042; x_wconf 83' lang='lat' dir='ltr'>mislesrma</span> <span class='ocrx_word' id='word_1_334' title='bbox 1656 3961 1776 4044; x_wconf 84' lang='lat' dir='ltr'>forsan</span> <span class='ocrx_word' id='word_1_335' title='bbox 1795 3960 1888 4038; x_wconf 77' lang='lat' dir='ltr'>illins</span> <span class='ocrx_word' id='word_1_336' title='bbox 1936 4045 1949 4062; x_wconf 23' lang='grc' dir='ltr'>κ</span> 
     </span>
     <span class='ocr_line' id='line_1_37' title="bbox 501 4055 1202 4162; baseline -0.009 -24"><span class='ocrx_word' id='word_1_337' title='bbox 501 4057 671 4162; x_wconf 83' lang='lat' dir='ltr'>particula</span> <span class='ocrx_word' id='word_1_338' title='bbox 682 4055 948 4156; x_wconf 83' lang='lat' dir='ltr'>antropophagi</span> <span class='ocrx_word' id='word_1_339' title='bbox 964 4055 1109 4154; x_wconf 83' lang='lat' dir='ltr'>alscujus</span> <span class='ocrx_word' id='word_1_340' title='bbox 1126 4057 1202 4133; x_wconf 90' lang='lat' dir='ltr'>erit.</span> 
     </span>
    </p>

    <p class='ocr_par' dir='ltr' id='par_1_2' title="bbox 502 4151 1892 4558">
     <span class='ocr_line' id='line_1_38' title="bbox 553 4151 1890 4258; baseline -0.003 -21"><span class='ocrx_word' id='word_1_341' title='bbox 553 4155 680 4237; x_wconf 88' lang='lat' dir='ltr'>XXV.</span> <span class='ocrx_word' id='word_1_342' title='bbox 705 4153 744 4233; x_wconf 89' lang='lat' dir='ltr'>Si</span> <span class='ocrx_word' id='word_1_343' title='bbox 759 4164 911 4255; x_wconf 78' lang='lat' dir='ltr'>urgeas,</span> <span class='ocrx_word' id='word_1_344' title='bbox 933 4155 1171 4233; x_wconf 80' lang='lat' dir='ltr'>inisiabitem</span> <span class='ocrx_word' id='word_1_345' title='bbox 1188 4151 1354 4256; x_wconf 83' lang='lat' dir='ltr'>particula</span> <span class='ocrx_word' id='word_1_346' title='bbox 1368 4151 1705 4258; x_wconf 76' lang='lat' dir='ltr'>remunerandaDei</span> <span class='ocrx_word' id='word_1_347' title='bbox 1725 4155 1890 4238; x_wconf 83' lang='lat' dir='ltr'>laborare</span> 
     </span>
     <span class='ocr_line' id='line_1_39' title="bbox 502 4253 1892 4354; baseline 0 -20"><span class='ocrx_word' id='word_1_348' title='bbox 502 4258 704 4334; x_wconf 85' lang='lat' dir='ltr'>bonitatem</span> <span class='ocrx_word' id='word_1_349' title='bbox 716 4253 784 4332; x_wconf 83' lang='lat' dir='ltr'>srve</span> <span class='ocrx_word' id='word_1_350' title='bbox 801 4255 985 4350; x_wconf 85' lang='lat' dir='ltr'>justitiam:</span> <span class='ocrx_word' id='word_1_351' title='bbox 1011 4269 1184 4344; x_wconf 74' lang='lat' dir='ltr'>tantaene,</span> <span class='ocrx_word' id='word_1_352' title='bbox 1219 4257 1364 4354; x_wconf 90' lang='lat' dir='ltr'>inquam</span> <span class='ocrx_word' id='word_1_353' title='bbox 1378 4277 1471 4352; x_wconf 89' lang='lat' dir='ltr'>ego,</span> <span class='ocrx_word' id='word_1_354' title='bbox 1494 4277 1591 4332; x_wconf 90' lang='lat' dir='ltr'>nunc</span> <span class='ocrx_word' id='word_1_355' title='bbox 1604 4265 1641 4330; x_wconf 83' lang='lat' dir='ltr'>te</span> <span class='ocrx_word' id='word_1_356' title='bbox 1657 4257 1816 4352; x_wconf 83' lang='lat' dir='ltr'>postulas</span> <span class='ocrx_word' id='word_1_357' title='bbox 1833 4281 1892 4334; x_wconf 85' lang='lat' dir='ltr'>ac·</span> 
     </span>
     <span class='ocr_line' id='line_1_40' title="bbox 505 4351 1890 4456; baseline -0.001 -22"><span class='ocrx_word' id='word_1_358' title='bbox 505 4358 697 4434; x_wconf 83' lang='lat' dir='ltr'>curationis</span> <span class='ocrx_word' id='word_1_359' title='bbox 715 4351 803 4442; x_wconf 87' lang='lat' dir='ltr'>esse,</span> <span class='ocrx_word' id='word_1_360' title='bbox 827 4365 871 4428; x_wconf 89' lang='lat' dir='ltr'>ut</span> <span class='ocrx_word' id='word_1_361' title='bbox 886 4376 1002 4454; x_wconf 90' lang='lat' dir='ltr'>quum</span> <span class='ocrx_word' id='word_1_362' title='bbox 1026 4353 1140 4430; x_wconf 93' lang='lat' dir='ltr'>modo</span> <span class='ocrx_word' id='word_1_363' title='bbox 1165 4375 1368 4456; x_wconf 86' lang='lat' dir='ltr'>pugnares,</span> <span class='ocrx_word' id='word_1_364' title='bbox 1395 4351 1483 4428; x_wconf 90' lang='lat' dir='ltr'>nihil</span> <span class='ocrx_word' id='word_1_365' title='bbox 1502 4353 1626 4431; x_wconf 90' lang='lat' dir='ltr'>Deum</span> <span class='ocrx_word' id='word_1_366' title='bbox 1653 4377 1673 4429; x_wconf 90' lang='lat' dir='ltr'>a</span> <span class='ocrx_word' id='word_1_367' title='bbox 1696 4355 1890 4434; x_wconf 73' lang='lat' dir='ltr'>vitutibus</span> 
     </span>
     <span class='ocr_line' id='line_1_41' title="bbox 504 4449 1892 4558; baseline -0.003 -26"><span class='ocrx_word' id='word_1_368' title='bbox 504 4455 573 4535; x_wconf 72' lang='lat' dir='ltr'>suis</span> <span class='ocrx_word' id='word_1_369' title='bbox 590 4455 744 4533; x_wconf 85' lang='lat' dir='ltr'>alienum</span> <span class='ocrx_word' id='word_1_370' title='bbox 754 4451 889 4541; x_wconf 77' lang='lat' dir='ltr'>faeere,</span> <span class='ocrx_word' id='word_1_371' title='bbox 906 4449 981 4540; x_wconf 85' lang='lat' dir='ltr'>fiio</span> <span class='ocrx_word' id='word_1_372' title='bbox 992 4449 1267 4550; x_wconf 80' lang='lat' dir='ltr'>demortuorum</span> <span class='ocrx_word' id='word_1_373' title='bbox 1276 4473 1472 4553; x_wconf 87' lang='lat' dir='ltr'>corporum</span> <span class='ocrx_word' id='word_1_374' title='bbox 1483 4451 1832 4558; x_wconf 83' lang='lat' dir='ltr'>locumaliaprorsus</span> <span class='ocrx_word' id='word_1_375' title='bbox 1843 4451 1892 4530; x_wconf 82' lang='lat' dir='ltr'>ad</span> 
     </span>
    </p>
   </div>
   <div class='ocr_carea' id='block_1_2' title="bbox 1798 4575 1970 4674">
    <p class='ocr_par' dir='ltr' id='par_1_3' title="bbox 1798 4575 1970 4686">
     <span class='ocr_line' id='line_1_42' title="bbox 1798 4575 1970 4674; baseline 0 -18"><span class='ocrx_word' id='word_1_376' title='bbox 1798 4575 1970 4674; x_wconf 42' lang='lat' dir='ltr'>prag</span> 
     </span>
    </p>
   </div>
   <div class='ocr_carea' id='block_1_3' title="bbox 0 0 2100 5150">
    <p class='ocr_par' dir='ltr' id='par_1_4' title="bbox 0 0 2100 5150">
     <span class='ocr_line' id='line_1_43' title="bbox 0 0 2100 5150; baseline 0 0"><span class='ocrx_word' id='word_1_377' title='bbox 0 0 2100 5150; x_wconf 95' lang='lat' dir='ltr'> </span> 
     </span>
    </p>
   </div>
  </div>
 </body>
</html>
