4150 5150
274 463 280 472 ·
421 536 443 547 -
489 441 563 524 172
697 414 700 421 ⁴
945 526 952 536 q
1009 422 1213 510 Exercitatio
1257 426 1381 509 xm.
1428 529 1432 536 ¹

295 551 301 563 ¹
328 635 335 644 -
353 577 358 582 Δ
487 537 557 657 inae
570 580 799 659 nostraeedur
817 577 888 672 est,
909 608 981 659 non
997 587 1106 681 potest
1122 587 1243 664 exinde
1260 587 1389 663 ullaad
1408 587 1535 664 malum
1554 581 1733 684 proritatin
1744 599 1861 682 prom-

489 685 591 772 dere,
614 689 698 780 quin
716 709 799 759 mox
814 684 883 781 ipsa
899 688 958 759 illa
975 689 1410 784 proritatiouepolluamur.
1692 711 1695 725 ·

144 778 146 781 ¹
297 779 463 896 fflffi
541 786 661 860 V111.
686 786 818 862 Verum
833 787 968 880 quidem
985 787 1032 862 est
1048 790 1139 886 quod
1153 791 1304 863 videatur
1316 791 1491 886 Apostolus
1508 789 1608 865 sanet
1625 787 1734 885 ipsum
1746 783 1791 860 ab
1807 787 1857 860 in·

210 3207 237 3225 a
315 3180 342 3232 rs

297 908 476 963 russeriam.
491 884 666 962 habitante·
677 908 812 983 peceato
829 889 1027 985 distinguere
1042 893 1243 968 Rom‘vu:
1255 911 1341 986 20..
1351 895 1455 966 Nunc
1472 919 1551 968 vero
1564 905 1625 964 uon
1641 891 1783 988 amplius
1801 909 1857 982 ego

298 976 462 1098 ffiffl'e*
489 993 527 1062 id
541 987 633 1086 facio
645 1045 657 1071 ‚
669 990 724 1079 sed
733 1010 904 1086 peceatum
916 997 952 1064 in
965 1017 1016 1065 me
1030 991 1195 1070 habitares.
1212 992 1394 1066 ¹Caeterum
1404 1017 1451 1092 ea
1468 991 1619 1078 locutio,
1637 990 1792 1086 quamvis
1809 985 1857 1060 sa-

264 1091 267 1103 '
297 1125 419 1185 guare.
486 1087 687 1184 pientissima
704 1089 1043 1185 aedignadpostolo,
1063 1093 1241 1166 Rhetorica
1259 1093 1326 1180 est,
1346 1117 1425 1187 quae
1442 1119 1513 1168 non
1529 1089 1657 1188 prorsus
1675 1089 1858 1164 secundum

487 1191 723 1285 proprietatem
742 1189 922 1264 verborum
939 1191 994 1264 sed
1007 1191 1189 1268 secundum
1202 1195 1427 1267 intentionem
1439 1191 1608 1267 scribentis
1627 1190 1673 1265 eli
1688 1215 1857 1286 exponen-
1892 1193 1902 1198 ’

489 1289 542 1386 da
577 1292 670 1364 Nam
689 1288 714 1363 li
730 1317 800 1364 rem
817 1288 920 1386 ipsam
938 1290 1127 1388 snnpliciter
1143 1293 1328 1376 sesiemure
1346 1314 1517 1390 peccatum
1528 1295 1620 1389 quod
1635 1295 1672 1364 in
1690 1289 1788 1364 nobis
1801 1292 1857 1363 ha-

334 1456 336 1465 ,
400 1473 413 1495 ·
459 1416 463 1421 ·
488 1389 586 1478 bittit,
597 1418 666 1465 non
683 1391 729 1465 est
740 1393 873 1466 alterius
889 1416 1060 1488 pecuttum
1074 1419 1175 1490 quam
1192 1395 1280 1468 illius
1299 1397 1336 1467 in
1349 1421 1415 1490 quo
1429 1395 1571 1470 habitat.
1599 1397 1642 1468 Et
1656 1412 1791 1488 peccato
1810 1389 1855 1464 fn

487 1493 595 1566 ciente
611 1493 703 1590 quod
720 1494 845 1566 mulum
867 1495 932 1581 est,
949 1497 1088 1570 omnino
1106 1513 1194 1572 certe
1214 1522 1276 1569 nos
1294 1497 1331 1568 in
1351 1495 1471 1590 quibus
1488 1513 1659 1592 peecatum
1678 1492 1855 1566 habitatid

487 1591 638 1668 summm.
664 1595 742 1668 Nos
750 1596 775 1666 ii
790 1592 903 1670 sumus
920 1598 978 1689 qui
989 1617 1162 1689 peccatum
1177 1597 1259 1670 illud
1274 1593 1444 1684 confiteri,
1459 1600 1592 1696 lugete,
1612 1595 1781 1689 deplorare
1799 1594 1855 1664 ha-

486 1693 606 1768 bemus
620 1724 630 1776 ;
643 1696 754 1768 Deum
770 1715 923 1790 rogantes
941 1717 980 1769 ut
996 1699 1030 1770 id
1046 1697 1142 1771 nobie
1159 1699 1335 1772 condonet.
1360 1699 1404 1772 Et
1415 1697 1564 1794 profesio
1576 1713 1726 1792 peccaret
1743 1711 1857 1766 contra

488 1815 638 1870 mentem
657 1797 778 1882 Pauli,
802 1798 861 1891 qui
882 1799 901 1868 i
928 1822 1029 1892 prava
1050 1797 1107 1872 sua
1132 1799 1312 1893 cupiditate
1330 1798 1373 1872 ad
1391 1800 1479 1872 male
1502 1799 1671 1894 agendum
1694 1791 1853 1892 impulsus

489 1893 608 1969 suimet
624 1895 724 1990 ipfius
741 1896 937 1992 excrtlpandi
953 1897 1157 1974 occasionem
1174 1899 1400 1994 imprudenter
1414 1901 1493 1974 hinc
1507 1897 1670 1996 arriperet
1703 1899 1782 1994 Hoc
1796 1921 1865 1969 vo»

489 1996 555 2070 luit
570 1997 768 2092 Apostolusz
788 1999 891 2085 alium
912 1998 945 2070 se
964 2023 1025 2093 per,
1040 2002 1105 2074 Dei
1123 1993 1261 2097 gratiam
1278 1997 1403 2074 factm
1420 1998 1595 2096 ciscarque
1613 2001 1851 2079 hiemantem

481 2113 596 2192 'neque
612 2099 716 2171 elium
733 2097 865 2186 solum,
886 2098 939 2172 sed
956 2101 1062 2182 aliuse
1081 2127 1151 2174 non
1161 2123 1365 2196 peccatorem
1378 2103 1540 2196 amplius,
1558 2102 1616 2198 qui
1638 2125 1714 2174 cum
1731 2101 1855 2192 volup-

368 2223 371 2228 ’
421 2225 426 2231 ’
487 2217 556 2270 tate
574 2216 709 2293 totaque
728 2200 832 2274 enimi
852 2201 1069 2281 inclinatione
1088 2203 1215 2276 malum
1239 2221 1330 2297 agat,
1349 2202 1403 2276 sed
1424 2203 1575 2292 santium
1590 2257 1601 2286 ‚
1617 2203 1690 2296 qui
1701 2200 1772 2294 lege
1790 2199 1860 2272 Dei

488 2297 690 2386 deleeietur‚
709 2303 743 2372 dc
760 2318 932 2395 peceatum
953 2303 1109 2385 horream
1129 2329 1236 2398 neque
1253 2305 1375 2398 peccati
1389 2304 1551 2397 amplius:
1581 2303 1855 2395 cui¹maneipatus

340 2425 353 2496 ζ
489 2396 551 2487 srt,
569 2399 622 2474 sed
644 2399 789 2474 Christis
806 2400 886 2495 &se
902 2421 1065 2496 quatenus
1081 2403 1211 2480 anetus
1225 2407 1257 2478 ἃ
1271 2424 1432 2500 quatenus
1443 2405 1563 2478 Christi
1580 2405 1645 2491 est,
1659 2405 1678 2476 i
1691 2427 1756 2498 qua
1767 2395 1855 2492 exs-
1980 2449 1986 2456 -

488 2525 541 2577 cer
555 2495 767 2597 potiffimrun‘
779 2501 989 2577 denominari
1000 2503 1154 2594 volebat,
1171 2505 1354 2590 nonfacere
1368 2524 1536 2602 peccatum
1549 2535 1560 2589 5
1579 2505 1633 2580 sed
1644 2525 1808 2601 quatenus
1820 2502 1857 2574 in

487 2601 558 2696 ipso
571 2591 679 2693 invito
696 2603 928 2691 remanebant,
943 2607 1065 2701 aliquae
1077 2609 1200 2703 peccati
1217 2608 1384 2702 reliquiae,
1404 2634 1484 2703 quas
1497 2634 1558 2703 pro
1576 2608 1653 2695 suis,
1670 2607 1779 2679 multo
1792 2602 1857 2675 mi·

486 2726 551 2777 nus
568 2731 633 2800 pro,
642 2703 675 2779 se
691 2704 762 2799 ipso
778 2703 950 2799 agnoscere
969 2708 1141 2781 renuebat.
1182 2710 1303 2781 Manet
1319 2732 1397 2801 ergo
1416 2708 1580 2783 infelicem
1603 2706 1700 2781 nobie
1719 2728 1856 2779 omnem

487 2806 708 2879 tentationem
722 2804 782 2878 else
792 2856 805 2891 ,
824 2830 903 2899 quae
918 2804 962 2880 ab
980 2807 1155 2882 intrinseco
1168 2808 1331 2902 principio
1350 2809 1591 2903 proficiscitur,-
1609 2806 1672 2881 nist
1689 2804 1855 2903 quatenus
1878 2848 1881 2857 -

318 2984 331 3034 ¹
381 2978 426 3031 All
489 2930 548 3000 per
563 2932 636 2979 eam
656 2907 899 2980 demonstratur
913 2910 966 2982 vis
978 2906 1132 3001 spiritus,
1148 2911 1270 3007 peccati
1284 2911 1355 2984 vim
1371 2912 1573 2990 retundentis
1583 2960 1596 2998 ,
1610 2934 1648 2983 ac
1661 2908 1854 3003 superantis.
1892 2948 1896 2953 ·

299 2988 492 3117 q,{„,„}„.l
539 3008 611 3081 IX.
644 3010 734 3082 Inter
752 3026 888 3082 externa
908 3008 1069 3104 principia
1086 3011 1277 3090 tentationis
1300 3012 1442 3103 primum
1464 3012 1521 3086 suo
1537 3012 1779 3085 meritolocurn
1796 3008 1856 3082 ob·

298 3118 369 3195 tati?
381 3112 466 3181 νῶθ’
488 3108 574 3181 tinet
582 3120 737 3195 Satanas,
749 3107 820 3181 live
835 3111 1018 3195 Diabolus,
1031 3115 1090 3207 qui
1105 3112 1226 3185 idcirco
1240 3104 1311 3202 aas
1323 3108 1438 3216 ἐξσχῆν
1452 3114 1572 3189 dicitur
1591 3130 1619 3186 ο
1637 3120 1854 3185 naimone

300 3196 403 3303 §.Q
414 3197 429 3233 ¹
488 3209 702 3283 TENTATOR
719 3209 786 3282 ille.
816 3210 902 3281 Mat.
920 3234 977 3285 rvr
995 3231 1029 3300 3.
1056 3216 1087 3287 Is
1104 3212 1258 3308 serpentis
1283 3216 1419 3289 indutus
1440 3216 1581 3291 sormam
1597 3212 1773 3286 malesuadi
1790 3212 1854 3283 ser-

484 3312 597 3382 monis
613 3334 746 3382 veneno
763 3309 979 3403 protoplastos
996 3310 1033 3380 in
1050 3313 1196 3410 paradiso
1217 3314 1376 3409 eorrupit.
1420 3314 1546 3413 lsJobi
1558 3346 1575 3397 3¹
1590 3312 1778 3387 sanetiffimi
1790 3312 1851 3383 Vi-

482 3412 535 3497 ri,
555 3408 719 3505 ipsiusque
730 3409 878 3510 numinis
890 3417 1061 3507 praeoonio
1074 3413 1249 3501 celebrati,
1268 3417 1469 3495 innocentiae
1488 3414 1618 3489 insidias
1631 3416 1757 3489 struxit
1770 3412 1848 3507 Jub.

486 3534 519 3587 1:
532 3523 565 3585 6.
579 3533 614 3605 7.
640 3512 871 3599 IsDavidem‚
891 3509 1018 3607 Regem
1031 3512 1303 3601 invictissimum,
1322 3517 1476 3597 immanis
1486 3517 1625 3612 gigantis
1641 3534 1757 3609 totque
1765 3512 1852 3587 sero·

303 3688 321 3703 δ
478 3608 679 3685 ciffimarum
692 3613 841 3705 gentium
856 3612 994 3687 vitioria
1011 3613 1198 3709 inclytum,
1219 3617 1293 3711 plue
1306 3614 1402 3689 semel
1416 3618 1605 3712 prostravit.
1637 3640 1652 3691 1
1669 3618 1750 3690 Chr.
1765 3638 1848 3689 m:

335 3712 337 3714 ’
481 3714 571 3790 1.,ls
587 3738 660 3801 non
678 3712 787 3811 solum
800 3710 964 3807 perfidum
978 3716 1102 3810 Judam
1116 3718 1158 3789 ad
1178 3716 1355 3791 nefandum
1376 3720 1545 3813 instIgavit
1558 3716 1706 3803 facinus,
1722 3721 1755 3791 ii
1771 3718 1847 3810 pro-

357 3832 384 3903 ·‚
476 3814 618 3913 ditorem
628 3813 705 3886 fecit
717 3814 836 3907 optimi
847 3839 885 3885 ac
897 3812 1183 3892 beneficentissimi
1196 3819 1346 3913 Magistri
1362 3819 1422 3894 sui
1450 3816 1724 3905 Sed&Petrurn‚
1739 3818 1846 3891 sorus·
1983 3892 1991 3899 ,

476 3910 596 3986 fimu'm
614 3914 819 4009 caeteroquin
835 3916 1010 3998 athletam,-
1025 3920 1179 4016 adortus„
1204 3922 1362 3993 ventilare
1378 3916 1460 3993 ficut
1472 3922 1618 4007 triticum
1637 3918 1793 4015 gestivit,
1811 3921 1844 3991 e

475 4016 628 4109 quamvis
639 4016 773 4109 prolixe
789 4040 828 4087 ac
850 4014 1058 4108 praefidenter
1076 4018 1189 4091 omnia
1214 4020 1422 4113 pollicitum,
1441 4022 1483 4093 ad
1503 4021 1624 4093 trinam
1645 4016 1842 4092 dilesiislimi

474 4113 617 4187 Domini
629 4115 883 4209 abnegationem
898 4119 1134 4211 perpulitLuc.
1149 4143 1331 4211 xxtrrgr.
1358 4117 1466 4217 Atque
1479 4122 1623 4193 eundem
1637 4119 1764 4215 semper
1774 4118 1840 4191 ani

472 4240 570 4314 mum
583 4214 712 4288 obtinet
730 4219 767 4288 in
784 4241 839 4289 eos
854 4218 911 4311 qui
928 4220 995 4295 Dei
1014 4219 1196 4315 Christique
1209 4218 1287 4297 sunt
1297 4250 1309 4303 3
1331 4247 1415 4315 quos
1437 4222 1539 4295 modo
1557 4221 1738 4315 serpentina
1757 4218 1840 4293 dtu-

453 4319 522 4421 ‘tin
533 4316 664 4402 ,modo
677 4317 813 4389 leonina
833 4316 962 4392 servitia
976 4318 1107 4408 ambit,
1127 4346 1278 4415 quaerens
1290 4323 1453 4395 duntaxat
1466 4348 1546 4417 quos
1558 4322 1718 4417 perdat&
1733 4318 1838 4393 absor-

470 4416 560 4489 beat.
589 4418 681 4489 Adeo
703 4420 837 4511 quidem
861 4438 900 4491 ut
920 4446 1119 4515 quocunque
1138 4423 1258 4516 pedem
1278 4448 1451 4497 movemus
1470 4472 1481 4509 ,
1503 4420 1838 4516 insidiosum'ubique

307 4596 317 4609 ι
346 4516 353 4521 ’
469 4542 509 4587 ae
525 4514 740 4590 saeviffimum
770 4544 935 4615 anguem,
955 4520 1015 4601 sub
1026 4520 1137 4597 herbis
1152 4546 1283 4619 quoque
1301 4526 1333 4603 dc
1350 4522 1508 4613 floribus,
1533 4524 1643 4612 latere,
1658 4520 1837 4597 meritosu-

268 4624 275 4640 s
445 4615 660 4712 ,erendum
673 4598 831 4694 nobem
1040 4649 1090 4706 ῃ
1342 4636 1351 4641 -
1700 4624 1748 4699 x.
1764 4624 1844 4695 ua:
