4150 5150
375 347 379 355 ’
477 351 552 424 126
1043 327 1334 420 ExercitatioX

402 463 409 470 ’
472 463 546 550 est,
576 454 635 538 sed
651 481 730 538 non
757 455 801 534 ab
824 453 931 548 Elia,
960 459 1038 536 imo
1051 459 1097 534 ne
1118 460 1161 534 ab
1188 454 1308 535 Elisaeo
1336 451 1505 559 quidem,
1539 469 1667 532 verum
1692 448 1735 540 ab
1760 445 1869 540 Elsffl

244 563 292 591 ·'
475 557 675 658 Discipulo,
690 557 799 658 idque
810 555 937 634 cursim
950 558 1150 634 admodum
1161 581 1201 633 ec
1223 557 1473 656 perfunctorie.
1528 577 1568 630 11
1598 550 1689 650 Reg.
1732 573 1786 626 mc
1822 547 1866 626 lL

479 659 578 754 Quia
589 655 679 733 Elias
696 655 903 733 mandatum
927 653 1002 736 Dei
1018 680 1103 755 erga
1120 653 1281 736 Elisreunr
1311 655 1503 756 exsequens
1526 675 1605 730 non
1630 651 1759 727 dicitur
1784 671 1871 724 eurn

479 753 628 842 unxisse,
641 755 700 832 sed
723 753 871 855 pallium
894 755 997 832 suurn
1022 758 1055 832 ei
1081 753 1239 852 injecisse.
1284 753 1534 853 'rReg.x1x
1563 776 1616 842 19.
1668 749 1726 827 111.
1772 745 1872 842 Quia

479 855 659 936 mirionis
678 853 900 953 Propheticae
928 857 1074 954 proprie
1103 852 1202 930 ditia
1230 851 1475 932 nrdlunr'asibi
1490 849 1548 926 vel
1574 849 1784 926 mandatum
1813 844 1872 922 vel

482 952 695 1051 exemplum
709 953 828 1030 exstat.
869 951 921 1030 Ita
937 955 1018 1053 post
1033 954 1275 1042 Theodoram,
1301 953 1494 1044 Abulensem,
1524 953 1696 1053 Sosianum,
1713 944 1808 1023 alios
1825 967 1872 1022 ue

484 1056 626 1126 Cornelio
647 1053 792 1144 asapide
808 1053 946 1139 citatos,
966 1053 1100 1144 Piscator
1117 1051 1243 1128 noster.
1283 1049 1354 1128 Sed
1379 1049 1518 1151 opponi
1536 1049 1661 1148 potest
1712 1043 1739 1124 Ι.
1819 1067 1872 1121 on

484 1151 589 1228 essea
626 1149 1002 1252 roprioatqueusrtato
1023 1147 1158 1228 vocissr
1186 1148 1328 1228 nificatu
1339 1149 1605 1236 recedendum,
1630 1143 1693 1222 nisr
1718 1159 1873 1243 urgente

483 1275 573 1327 nece
600 1266 703 1345 rtate3
730 1275 810 1351 quae
819 1249 987 1327 hicnulla
1009 1251 1065 1327 est.
1105 1249 1147 1327 II.
1211 1273 1262 1326 on
1274 1249 1408 1328 idcirco
1421 1273 1499 1327 non
1517 1243 1644 1326 unitos
1656 1246 1700 1321 ab
1719 1241 1796 1326 Elia
1807 1241 1873 1323 esse

483 1349 566 1428 illos
588 1372 681 1448 quos
694 1359 832 1446 ungere
860 1351 1024 1446 jubetur,
1054 1351 1135 1449 quia
1146 1347 1307 1450 nuspiam
1330 1349 1368 1425 id
1381 1347 1513 1426 fastum
1539 1343 1605 1422 esse
1629 1356 1874 1422 memoraturt
1951 1410 1955 1419 .

485 1467 602 1625 zeum
612 1474 659 1527 ne
678 1449 716 1525 id
733 1447 880 1550 quidem
892 1461 1124 1535 memoretur,
1144 1447 1245 1548 quod
1258 1442 1449 1526 Haza'e'sem
1462 1443 1615 1623 acdehu
1632 1443 1751 1544 Reges
1765 1441 1875 1542 Syriae

544 1545 672 1627 Israelis
683 1549 961 1627 renunciaverit:
988 1547 1089 1648 quod
1106 1559 1226 1622 tannen
1238 1545 1459 1647 supponitur.
1590 1543 1731 1622 Duram
1741 1543 1878 1618 admo·
1960 1585 1966 1646 r

484 1645 577 1725 dum
595 1657 757 1732 κανάχησε,
769 1645 858 1736 sore,
872 1645 899 1721 sr
915 1643 1109 1743 designatio
1133 1643 1320 1746 Prophetae
1339 1647 1460 1725 unitio
1480 1645 1625 1732 dicatur,
1644 1645 1816 1728 &tamen
1838 1643 1876 1716 in
1964 1673 1967 1730 ᾗ

486 1747 667 1825 creatione
695 1739 896 1844 Prophetae.
907 1744 1028 1822 undio
1058 1745 1203 1844 proprie
1236 1745 1326 1824 dida
1362 1767 1548 1922 nunffiuam
1574 1743 1682 1820 suern
1705 1739 1873 1818 adhibite
1965 1743 1967 1764 ²

486 1843 645 1926 Absurde
663 1844 760 1918 enim
773 1846 853 1945 quis
873 1843 1046 1923 Consules
1071 1844 1258 1923 Romanos
1275 1845 1319 1920 ad
1334 1845 1439 1924 Cons
1470 1857 1567 1927 atum
1585 1841 1711 1919 unctos
1729 1840 1873 1920 diceret
1967 1895 1969 1938 3

321 2006 331 2016 .
486 1943 551 2025 IV.
577 1941 680 2020 Nihil
691 1942 826 2019 obstare
840 1967 915 2044 qno
927 1946 1045 2021 minus
1058 1943 1243 2022 credamus
1294 1945 1349 2022 lus
1360 1969 1430 2022 una
1442 1943 1646 2022 ceremonia
1668 1937 1827 2020 Fsisaeunr
1841 1939 1879 2016 in

486 2041 705 2142 Prophetam
717 2041 879 2120 alledurn
890 2041 998 2120 fuisse.
1038 2042 1136 2120 Nam
1146 2045 1199 2120 uti
1211 1967 1377 2120 hedenus
1392 2067 1469 2120 non
1483 2041 1575 2118 male
1589 2039 1878 2130 Sanchemnuo

488 2143 659 2242 (inquit)
688 2143 830 2232 Esisaeum
838 2145 920 2238 fecit
946 2142 1154 2236 trophaeam,
1187 2145 1343 2234 pallium,
1381 2147 1454 2216 Esiae
1474 2142 1740 2216 contubernalem:
1765 2163 1880 2239 quan·

516 2263 599 2319 uam
612 2241 649 2316 &
663 2237 746 2352 alias
760 2241 822 2318 hic
838 2239 1096 2341 Prophetarum
1109 2239 1248 2318 habitus
1265 2241 1364 2340 fuisse
1382 2242 1553 2318 videatur.
1594 2237 1705 2316 Zach.
1718 2263 1829 2316 x111.
1843 2261 1880 2335 4

532 2339 608 2418 uod
619 2339 726 2426 addit,
741 2339 786 2427 Ed
800 2342 1001 2430 Monachum,
1016 2340 1206 2417 ridiculum
1220 2354 1326 2442 atque
1339 2344 1502 2440 ineptum
1513 2341 1570 2418 est
1586 2335 1632 2414 V.
1650 2336 1800 2416 Interim
1816 2362 1885 2415 un·

492 2440 650 2516 itionem
664 2436 913 2537 Propheticam
951 2451 1135 2538 erpetuam
1147 2451 1253 2540 atque
1266 2439 1494 2530 universalem
1505 2436 1615 2525 fuisse,
1628 2463 1706 2516 non
1721 2433 1885 2538 estquod

493 2552 628 2615 temere
640 2535 885 2616 asseramusS
951 2540 999 2615 cit
1010 2539 1116 2616 nobis
1129 2537 1203 2615 hoc
1214 2539 1421 2617 mandatum
1432 2569 1445 2626 ‚·
1470 2535 1538 2615 five
1555 2551 1653 2615 extra
1665 2539 1833 2617 ordinem
1844 2535 1887 2615 il-
1932 2638 1934 2641 Ι
1973 2561 1975 2570 ⁴

492 2637 557 2716 lud
568 2637 633 2713 esse
644 2636 894 2727 existimemus,
908 2636 976 2715 srve
987 2639 1125 2715 suetum
1145 2638 1221 2714 satis
1238 2640 1275 2715 in
1293 2636 1394 2715 snnih'
1411 2636 1604 2716 occasione.
1919 2642 1942 2695 -'

543 2734 592 2815 Χ
620 2746 770 2810 erarem
787 2738 885 2815 unffi
910 2762 1059 2839 quoque
1077 2734 1165 2835 jussu
1182 2736 1254 2814 Dei
1272 2740 1444 2830 fircerdotes
1467 2733 1555 2815 sunt.
1593 2732 1804 2815 Exodxxx.
1828 2760 1887 2831 30.

493 2843 650 2912 Aratorem
663 2864 784 2936 qrtoque
800 2836 934 2937 &filios
951 2842 1016 2927 ejus
1028 2845 1135 2932 ungite
1146 2866 1161 2920 ,·
1173 2844 1220 2909 ita
1225 2838 1462 2937 notificaveris
1474 2864 1521 2912 eos
1533 2858 1572 2911 ut
1577 2836 1747 2929 sacerdotio
1747 2836 1892 2935 fungan-

495 2954 552 3010 aur
568 2936 652 3009 aiibi.
692 2934 807 3029 Quod
818 2950 1035 3035 praeceptum
1054 2937 1102 3011 ita
1124 2935 1399 3035 intelligendum
1414 2934 1701 3034 esseJudaeorunr
1722 2932 1902 3034 tragion·

498 3032 657 3120 sciscunt,
685 3049 728 3111 ut
741 3037 779 3109 in
791 3034 870 3111 filiis
881 3036 1030 3113 Aaronis
1045 3058 1171 3111 omnes
1192 3058 1320 3113 eorum
1337 3036 1478 3137 posteri,
1493 3036 1646 3135 gregarii
1667 3033 1892 3125 sacerdotes.

499 3130 596 3211 uniti
609 3130 674 3208 esse
686 3132 902 3223 censeantur,
916 3131 987 3211 srne
998 3138 1148 3233 repetita
1158 3132 1327 3211 unitione
1345 3132 1567 3235 srngusorunr
1591 3136 1653 3249 qui
1667 3132 1839 3209 defundis
1851 3138 1894 3219 in

499 3232 699 3309 sacerdotio
720 3232 962 3309 succedebant.
1016 3232 1206 3320 Caeterum,
1218 3232 1386 3311 Pontifex
1404 3260 1521 3313 novus
1545 3236 1582 3309 iu
1600 3234 1798 3309 initiatione
1811 3256 1896 3311 ntu-

501 3334 596 3408 neris
605 3330 655 3406 sui
671 3331 809 3430 semper
816 3334 1027 3430 ungebatur,
1039 3334 1094 3409 uti
1111 3330 1218 3408 &isle
1229 3327 1462 3413 Sacerdotum
1475 3356 1585 3435 quem
1596 3310 1758 3415 2·an
1771 3348 1894 3423 trivo,

501 3430 822 3526 nntiumbeilicauffir
846 3431 1010 3531 (exlege
1021 3430 1139 3510 Deut:
1157 3455 1217 3507 xx.
1240 3440 1302 3525 2.)
1330 3436 1497 3511 vocitant.
1539 3428 1644 3509 Hanc
1654 3454 1741 3507 vero
1753 3432 1899 3509 unitio-

501 3552 591 3611 nem
616 3528 869 3617 tantummodo
902 3531 947 3606 ad
973 3529 1098 3630 templi
1129 3532 1237 3631 primi
1266 3556 1381 3609 aevum
1410 3534 1586 3633 pertinere
1617 3530 1754 3607 volunt
1799 3528 1899 3609 Fieri

504 3632 602 3705 enim
616 3626 740 3704 debuit
755 3650 800 3706 eo
812 3643 1001 3728 unguento
1012 3629 1109 3707 sacro
1123 3629 1224 3731 qnod
1237 3654 1283 3707 ex
1293 3632 1492 3731 praescripto
1506 3632 1661 3707 numinis
1674 3626 1789 3707 Exod
1802 3654 1895 3712 xxx:

505 3727 780 3815 conficiebatur,
805 3732 936 3830 cuique
953 3726 1061 3808 finrile
1072 3728 1187 3805 facere
1205 3728 1325 3807 severo
1338 3730 1526 3808 interdisto
1538 3730 1689 3809 vetitum
1704 3728 1761 3805 est.
1806 3730 1896 3809 vers.

351 3884 357 3891 .
509 3849 565 3919 33.
617 3825 726 3922 Ajunt
747 3842 868 3904 autem
893 3826 1106 3915 Talmudici,
1131 3828 1328 3906 adhibitum
1349 3829 1435 3908 illud
1446 3830 1635 3905 initiationi
1658 3828 1901 3907 consecratio-

506 3924 1902 4128 iniussititttsttttttststtisissititistssssts

342 4148 350 4155 ·
508 4121 656 4199 Salomo
670 4140 873 4297 nataverat,
901 4152 1015 4228 quum
1027 4152 1074 4203 ex
1090 4140 1213 4203 vatum
1226 4124 1395 4227 responsrs
1405 4124 1594 4214 didicisset,
1619 4124 1783 4205 futurum
1805 4128 1901 4207 olim

507 4224 561 4298 nti
578 4239 677 4323 temp
691 4248 755 4301 unr
778 4227 821 4302 ab
835 4225 975 4326 Assyriis
996 4226 1074 4304 solo
1097 4240 1315 4326 aequaretur,
1341 4224 1436 4305 Vide
1452 4224 1492 4303 fis
1506 4236 1681 4313 Cunnum,
1710 4230 1749 4301 de
1766 4231 1903 4325 Republ:

506 4323 605 4397 Hebr.
637 4324 701 4397 Lib.
726 4348 755 4399 1.
781 4349 844 4419 cap.
867 4344 951 4402 xlv.
980 4326 1017 4401 &
1045 4336 1229 4399 Outrrnnnnr
1255 4326 1292 4400 de
1314 4334 1451 4427 Sacrr'fic.
1472 4328 1539 4403 Lib.
1557 4350 1585 4403 1.
1615 4333 1689 4419 Cap.
1708 4350 1739 4403 v.
1759 4328 1791 4416 ἕ.
1811 4354 1899 4407 v11.

385 4477 388 4485 -
503 4423 672 4499 Seldenrnn
692 4423 730 4498 de
747 4422 871 4525 fircceffi
895 4436 928 4502 in
950 4428 1063 4527 Pontis.
1089 4426 1157 4501 Lib.
1183 4449 1237 4503 11.
1266 4434 1342 4525 Cap:
1375 4451 1430 4506 lx.
1474 4425 1546 4504 Sed
1574 4425 1749 4527 inprimis
1778 4435 1905 4545 Sintes:-

662 4560 666 4567 ’
1833 4550 1903 4610 'W
