4150 5150
475 399 525 482 38
743 462 747 468 .
865 435 907 480 a·
1048 381 1264 468 Exercitatio
1277 381 1340 469 tv.
1679 483 1685 488 „
1892 444 1898 451 .
1982 444 1985 459 .

475 499 820 605 mentemsuamqui
836 497 1101 594 nondictum·
1116 513 1156 603 est
1173 511 1862 612 masquefecamaquraammej
1964 543 1969 555 .

428 673 432 678 .
476 604 557 708 Job:
573 629 682 681 xxxv:
701 631 753 681 ιο,

90 691 92 758 ἐ
174 765 211 816 .'
293 709 462 764 ramesca-
527 703 593 783 XI.
621 703 692 779 Sed
704 719 830 801 praeter
842 713 1006 802 ingenitam
1025 707 1121 786 illam
1134 692 1401 804 cognitionem,
1426 710 1525 804 majus
1549 695 1759 805 argumenta
1769 712 1809 785 in
1827 708 1863 797 se

293 792 459 902 {ssfflmm
477 803 555 902 ipso
569 801 687 877 homo
697 805 851 880 invenit:
872 805 1044 881 est&alia
1055 831 1134 906 quae
1146 831 1192 883 ex
1202 821 1407 885 caeterarum
1419 807 1861 886 creaturarumconsrdera-
1891 845 1896 860 ·
1984 814 1985 817 ‘

203 917 220 936 ’
295 914 435 997 contincta·
478 903 578 977 tione
597 899 755 978 hauritur
810 899 876 978 Hae
915 929 1004 983 uum
1014 902 1076 980 fibi
1088 904 1167 1004 ipsas
1186 905 1268 982 dare
1282 903 1865 1003 nonpossintutinexisieutiasua
1984 930 1985 937 ¹

225 1040 232 1050 -
293 995 434 1104 {mn
477 999 710 1100 perseverent,
724 927 1218 1102 nequeasipfisfartatunt
1261 1001 1416 1102 Etfiper
1426 1000 1577 1101 singulas
1588 1028 1731 1097 carnus,
1750 1031 1863 1105 quan-

320 1103 340 1186 ]
478 1113 557 1174 tum
569 1099 789 1194 cogitatione
802 1102 1004 1198 pertingere
1017 1103 1185 1190 valemus,
1198 1101 1460 1178 deveniendum
1473 1101 1618 1182 tandem
1629 1106 1695 1200 erit
1707 1104 1752 1180 ad
1765 1103 1863 1180 caus-

476 1195 548 1272 sam
560 1198 735 1294 primam,
757 1199 816 1277 cui
835 1222 900 1284 eae,
920 1223 998 1298 quae
1011 1205 1133 1298 primae
1144 1203 1414 1299 concipiuntur,
1438 1201 1627 1276 existentia
1641 1201 1707 1280 suae
1718 1205 1862 1278 initium

472 1293 631 1381 debent,
651 1297 688 1371 da
701 1297 737 1372 in
759 1300 857 1390 cuius
882 1300 1095 1387 aeternitate,
1115 1324 1229 1400 quum
1250 1297 1438 1376 necessario
1460 1296 1527 1374 ise
1540 1300 1861 1396 ipsa&s1neinitio

475 1393 619 1479 existat,
645 1395 881 1492 cogitationes
894 1396 1040 1484 nostrae,
1060 1398 1158 1474 velut
1174 1400 1213 1472 in
1238 1396 1408 1474 immensa
1432 1395 1573 1496 abysso,
1601 1397 1861 1477 absorbeantur.
1981 1409 1985 1416 ‘

474 1489 763 1608 snsinitiesuSacrae
773 1493 1084 1609 siteraa,inculcant,
1099 1521 1145 1611 err
1161 1495 1411 1610 Creattuarum
1422 1495 1726 1612 contemplatione
1743 1497 1863 1598 supro

292 1589 1568 1796 aaaron‘¹¹&sitistisstitttstsiibtitttiiist,
1592 1703 1754 1768 aaa
1769 1717 1861 1791 ag„

292 1759 350 1865 ass:
362 1822 386 1875 7·
401 1759 460 1874 sss.
477 1813 548 1885 nge,
558 1785 685 1880 pecudes
697 1783 742 1872 ἓξ
756 1785 905 1862 docebunt
916 1809 965 1876 te,
992 1789 1039 1882 Εᾷ
1056 1794 1146 1865 alites
1161 1795 1226 1864 cosi
1236 1847 1247 1878 ‚
1267 1791 1313 1878 ἓξ
1331 1794 1513 1866 indicabunt
1524 1793 1584 1864 tibi
1595 1791 1676 1879 &aa
1709 1797 1787 1891 Qis
1803 1819 1864 1867 nvn

476 1896 622 1979 novitper
635 1893 734 1956 nimia
744 1886 822 1972 bac,
836 1889 920 1987 quod
929 1916 1037 1962 manus
1053 1897 1115 1963 Dei
1117 1893 1231 1984 fecerit
1242 1890 1326 1963 boc?
1351 1889 1569 1988 Absegamur
1580 1891 1626 1966 ad
1636 1890 1733 1968 collo
1759 1893 1863 1968 uium

478 2009 562 2063 cum
588 1985 776 2068 creaturis,
797 1997 838 2060 ut
855 1985 1030 2063 edoceant
1054 2013 1123 2065 nos
1140 1989 1185 2064 de
1201 1987 1381 2064 creatora
1408 1988 1646 2088 Colloquium
1673 1990 1711 2066 isl
1783 2013 1864 2066 non
1964 2021 1975 2036 ⁸

410 2101 421 2108 “
475 2083 592 2185 potest
605 2079 699 2160 aliud
708 2093 843 2170 notare,
857 2108 964 2186 quam
979 2099 1147 2164 attentam
1155 2097 1393 2164 creaturarum
1404 2085 1740 2176 considerationem,
1753 2091 1791 2163 in
1803 2112 1863 2164 or-

475 2195 528 2270 tu,
542 2186 579 2257 in
591 2181 742 2267 essentia,
751 2181 788 2256 in
801 2183 1034 2273 facultatibus,
1047 2188 1086 2260 in
1103 2186 1372 2283 operationibus
1381 2184 1462 2272 suis,
1475 2187 1513 2260 in
1525 2185 1652 2262 ordine
1667 2187 1713 2263 ad
1724 2187 1759 2263 se
1772 2187 1863 2262 invi·

477 2303 568 2369 cem,
587 2281 717 2378 inseg'e
736 2282 794 2356 cui
805 2279 956 2370 subsunt,
972 2285 1099 2383 &quae
1115 2283 1160 2360 ad
1179 2284 1483 2360 conservationem
1490 2276 1639 2390 universi
1653 2285 1863 2362 inviolabili-

368 2413 376 2425 *
477 2393 532 2457 ter
545 2377 755 2458 observatur.
783 2378 1006 2481 Responsum
1018 2383 1120 2482 quod
1130 2383 1232 2471 dant,
1250 2382 1410 2460 doiirina
1420 2407 1529 2481 quam
1542 2398 1727 2483 promunt,
1741 2383 1865 2462 estde-

256 2497 261 2504 ’
388 2489 391 2495 ’
477 2479 686 2556 monstratio
698 2476 859 2554 Deitatis.
910 2479 1129 2581 Namquum
1140 2481 1173 2557 se
1184 2481 1271 2581 ipsas
1282 2481 1483 2581 producere
1494 2505 1571 2557 non
1580 2487 1786 2581 potuerint,
1799 2507 1865 2559 ne·

333 2650 335 2653 .
469 2602 550 2679 ·que
561 2576 768 2655 adhucdum
784 2576 817 2653 se
831 2578 1039 2656 conservare
1047 2579 1188 2681 possuit,
1204 2579 1320 2656 nudto
1334 2582 1581 2657 minussetam
1599 2580 1770 2680 sapienter
1794 2606 1865 2683 gu·

477 2676 646 2762 bernare,
664 2687 706 2751 ut
717 2676 944 2780 quaequesuo‘
956 2678 1082 2755 ordine
1096 2681 1134 2754 de
1145 2679 1271 2754 habeat
1281 2679 1385 2778 quod
1398 2679 1443 2755 ad
1454 2680 1653 2757 ¹existentia
1667 2680 1735 2761 suae
1748 2682 1866 2757 c‘onti-

477 2778 687 2851 nuationem
700 2772 805 2863 facit,
826 2777 863 2851 &
888 2776 1035 2853 adniias
1058 2776 1224 2874 iuvandas
1242 2793 1446 2876 comparata
1466 2775 1528 2866 sit,
1560 2779 1599 2854 dc
1623 2784 1692 2855 toti
1721 2782 1866 2857 univer·

476 2872 516 2950 so
549 2870 761 2961 famulettu,
793 2876 847 2950 uti
870 2876 909 2950 in
932 2874 1063 2952 familia
1092 2900 1135 2953 ae
1170 2879 1309 2953 civitate
1354 2875 1617 2975 prudentiismre
1650 2879 1873 2973 constituta}

409 2974 421 2989 “’
478 2975 585 3049 etiam
603 2969 737 3049 srlentes
760 2975 869 3048 cuivis
895 2976 1057 3051 arumum
1076 2974 1271 3050 advertenti
1289 2976 1505 3063 inclamant,
1525 2974 1561 3054 se
1611 2974 1864 3054 otentislimisi-

477 3069 606 3146 mul&
632 3068 876 3169 Sapientissrmi
893 3074 1054 3149 nunrinis
1075 3096 1209 3160 manu,
1228 3075 1283 3149 uti
1306 3072 1409 3149 sasias
1424 3073 1629 3162 olimae,
1657 3078 1706 3151 ita
1740 3078 1864 3152 otiant-

475 3190 568 3245 num
587 3170 674 3328 refii.
725 3166 769 3246 Et
802 3172 1003 3247 notandum
1035 3170 1285 3250 collesiionem
1314 3170 1408 3250 hanc
1438 3196 1517 3249 non
1547 3174 1728 3251 traditioni
1754 3175 1862 3250 alicui

367 3304 374 3314 ·
475 3290 617 3345 creterra
651 3268 724 3343 ira·
746 3267 806 3344 sed
833 3267 897 3367 ipfi
929 3280 1168 3348 creatumrum
1183 3271 1416 3359 institutioni,
1447 3274 1551 3349 omni
1573 3276 1679 3350 etiam
1708 3273 1866 3351 hmnana

403 3440 409 3453 ⁸
475 3360 665 3439 traditione
689 3361 854 3464 seposita,
877 3365 1031 3444 adscribi
1149 3441 1152 3443 ,

324 3528 358 3567 ,χ
374 3457 411 3563 ,ζ’
429 3544 437 3559 ,
525 3457 624 3541 Xils.
652 3461 740 3538 Non
755 3468 873 3541 minus
885 3464 1197 3547 validumestilsud
1213 3468 1264 3550 Ps:
1279 3492 1368 3548 varra
1393 3492 1426 3546 2.
1442 3494 1518 3565 Μ»
1530 3493 1561 3563 5.
1575 3470 1677 3569 quod
1692 3472 1792 3547 brevi
1803 3494 1866 3571 pa

391 3615 398 3631 .
475 3556 628 3657 taphrasr
640 3562 836 3659 explicabo.
866 3566 942 3637 Caii
958 3570 1244 3665 enmmgloriam
1257 3578 1328 3644 Det.
1378 3568 1476 3643 Nam
1498 3592 1613 3668 quum
1629 3569 1801 3648 Thronus
1810 3574 1868 3669 ip·

476 3654 544 3733 stus
557 3655 639 3762 sint,
663 3658 791 3763 affabre
802 3663 845 3738 ab
858 3660 935 3762 ipso
947 3664 1068 3753 saissa,
1080 3667 1249 3743 testantur
1260 3668 1309 3744 de
1324 3671 1397 3763 ejus
1407 3666 1594 3754 Potentia,
1612 3666 1806 3765 Maiestate,
1824 3670 1866 3745 dc

478 3754 683 3855 Opulentia,
711 3767 1365 3859 Etopnrmanuumejmindicarexpmsum.
1391 3764 1555 3843 Clamant
1572 3765 1865 3869 sevnonnifiver-

476 3854 528 3930 bo
541 3852 644 3953 ipius
658 3870 864 3973 coaptatum
877 3860 963 3949 esse,
982 3876 1026 3938 ut
1040 3864 1207 3941 inferiora
1222 3862 1462 3963 superioribus
1475 3865 1677 3941 commode
1683 3868 1862 3957 uniantur,

432 4026 435 4031 .
478 3954 517 4027 ἆ
527 3954 706 4043 terrestria,
723 3956 863 4037 rnfluxu
875 3958 1082 4049 coe-leffium,
1092 3985 1158 4061 per
1169 3962 1402 4083 expansumse
1419 3964 1773 4052 iiscommunicante,
1784 3959 1868 4049 sub-2

476 4048 600 4125 sistant
652 4060 729 4129 Dies
741 4056 785 4129 nd
792 4058 872 4131 diem
885 4062 1003 4133 mussat
1020 4063 1160 4149 dissuta,
1182 4062 1232 4148 ὅς’
1244 4090 1305 4134 uox
1317 4063 1360 4134 ad
1370 4062 1483 4134 nossem
1490 4062 1779 4157 osmditscientiam
1795 4061 1863 4142 ΗΞ

473 4150 702 4230 tenebrarum
714 4153 870 4254 lucisque
882 4156 1130 4237 vicissitudines
1141 4170 1217 4235 tam
1230 4160 1354 4237 exasio
1367 4217 1377 4247 ,
1388 4160 1652 4253 tamconstmn'
1670 4162 1811 4251 ordine,
1822 4162 1865 4239 si·

347 4320 354 4327 .
475 4248 513 4321 bi
528 4250 683 4327 invicem
690 4252 955 4352 respondentes
970 4257 1028 4333 ilia
1047 4258 1127 4334 solis
1142 4256 1368 4358 fiderumque
1380 4260 1539 4356 vertigo,
1557 4283 1626 4335 nec
1636 4260 1771 4338 tardius
1782 4284 1866 4361 rep-

474 4358 552 4421 tans
564 4370 673 4447 qnam
684 4350 790 4441 olim,
805 4378 873 4447 nec
884 4358 1054 4455 praecipiti
1065 4359 1181 4454 magis
1193 4368 1299 4434 motu
1308 4369 1440 4444 rotata,
1453 4356 1512 4433 sed
1523 4357 1731 4436 conservans
1743 4361 1866 4440 adhue

474 4446 632 4529 modum
649 4450 767 4531 cursus
787 4455 1081 4567 primogenium,
1103 4470 1302 4536 curetarum
1314 4453 1589 4537 vicissitudinum
1598 4456 1863 4633 bammspaossa,

1448 4602 1452 4608 ‚
1759 4580 1864 4658 pren-
