4150 5150
198 151 697 316 Quemnam.

215 277 849 626 ii'iibutttsslpppts
889 381 973 628 Ra
1041 381 1545 626 phntrttssruts

727 554 864 626 cucae
931 555 1042 662 erpu
1112 557 1181 628 cae

437 673 1277 826 ¹,JULTRAJtccrtu“AE
1716 736 1719 742 .
1850 719 1855 730 ·

105 819 1563 1118 cousthLtssus

305 1155 1541 1303 SENATORIBUS,

420 1331 872 1414 ECCLESIAE
922 1335 1424 1424 NUTRITlls,
1481 1342 1565 1428 ΒΤ

525 1459 1321 1524 acaururntnasrrrruus.

674 1557 723 1634 Η.
801 1557 852 1634 W
879 1559 895 1634 1
924 1557 960 1633 T
987 1557 1012 1634 S
1042 1568 1058 1637 l
1088 1556 1122 1636 U
1147 1559 1183 1634 S.

127 1700 148 1758 r,
730 1667 867 1740 Dedicat
893 1660 1116 1760 constaretque.
1584 1660 1586 1663 ’

127 1757 150 1828 b
356 1758 500 1856 Xquo
520 1775 698 1858 tempore
723 1761 778 1836 rei
801 1758 1043 1836 Academicae
1064 1762 1243 1837 admotus
1261 1754 1368 1843 sum,
1409 1751 1611 1834 PATRES

131 1823 148 1902 l
187 1883 190 1888 ⁴
384 1855 923 1948 couscurtrt.,um1hr
952 1863 1102 1960 negotii
1135 1857 1278 1936 crearat
1306 1863 1475 1962 primum
1508 1858 1610 1942 dart,
1689 1891 1694 1898 -

136 1949 160 2008 l
384 1979 427 2034 ut
442 1955 717 2040 sacratissimam
741 1961 942 2060 Evangelii
976 1963 1199 2042 veritatem,
1236 1980 1426 2059 quanuun
1453 1960 1552 2036 illius
1587 1957 1611 2038 ὲ

139 2012 157 2106 i
293 2085 299 2093 ·
382 2083 447 2136 me
474 2057 556 2136 fieti
578 2081 747 2162 porctat,
785 2084 899 2162 pure,
940 2057 1155 2162 perspicue,
1184 2080 1377 2144 accurate,
1408 2057 1609 2144 modeste,

136 2130 159 2283 ἒ
200 2167 422 2288 ῥωπήια,
474 2155 644 2260 studiosa
696 2161 881 2248 iuventuti
916 2163 1181 2243 inculcaremr
1227 2177 1431 2258 totamque
1467 2178 1610 2260 quanta

105 2315 106 2318 κ
138 2283 150 2316 t
229 2272 377 2362 'quanta
396 2256 449 2336 cst
468 2260 515 2338 ad
533 2261 724 2360 generosa
748 2263 896 2362 pietatis
915 2266 1045 2362 praxin
1064 2261 1259 2340 referrem.
1310 2260 1374 2340 Uti
1394 2264 1500 2338 enim
1512 2263 1610 2336 veri-

232 2382 308 2440 tate
329 2359 396 2440 ista
418 2357 512 2436 nihil
531 2358 780 2462 praestantius,
803 2357 896 2436 nihil
910 2362 1093 2458 acquisitu
1117 2363 1292 2464 dignius,
1310 2383 1375 2440 aut
1398 2355 1491 2436 scitu
1509 2361 1610 2436 utili-

107 2479 112 2494 ·
235 2486 277 2540 us
293 2461 573 2562 jactantiusque
588 2457 660 2543 estr
681 2464 733 2540 ita
758 2459 820 2536 illa
845 2456 1001 2538 castele
1033 2465 1222 2564 imprimis
1252 2456 1608 2562 satrsiequehaberi

231 2559 409 2665 postulat.
460 2564 555 2639 Non
579 2557 631 2638 cst
652 2556 819 2639 coelestii
840 2559 922 2639 illiu
1018 2563 1142 2641 ientiae
1165 2564 1334 2655 ,idoneus
1352 2564 1527 2647 auditor,
1556 2584 1607 2639 ne

231 2662 395 2765 dignum
417 2686 520 2739 nunc
539 2660 743 2741 doctorem
776 2662 924 2747 dicam,
1006 2667 1015 2738 i
1046 2689 1129 2740 non
1157 2666 1331 2743 animum
1358 2666 1394 2739 ei
1421 2660 1634 2737 submittit‘

232 2787 413 2863 aequum,
436 2762 664 2863 pacificum,
682 2762 901 2865 placidum,
921 2763 959 2840 ὅ(
976 2767 1123 2867 pietatis
1140 2787 1221 2841 non
1236 2760 1369 2839 fucata
1388 2757 1608 2839 sedulostu-

231 2862 399 2941 diosum.
455 2862 684 2963 Ubicunque
705 2864 973 2941 novatutiendi
1009 2868 1195 2965 pruritus,
1226 2862 1484 2942 contendendi
1509 2861 1608 2937 lubi·

183 3016 189 3043 ,
230 2964 307 3058 do,
337 2962 579 3062 vitilitigandi
597 2966 834 3051 acrimonia,
862 2960 1081 3041 fatrunendi
1098 2960 1223 3041 insana
1239 2964 1436 3063 voluptas,
1467 2959 1608 3040 fastuo

229 3061 269 3141 sa
292 3061 346 3141 sui
364 3086 457 3143 cum
475 3064 639 3141 aliorum
660 3083 863 3141 contemtu
881 3066 1019 3148 elatio,
1041 3062 1254 3165 similesque
1278 3060 1518 3163 malaepestes
1536 3062 1607 3138 do-

230 3166 448 3247 minantum
477 3166 517 3243 in
538 3165 674 3241 iisdem
697 3165 913 3267 pectoribus
939 3167 1123 3269 pudicum
1153 3168 1317 3243 veritatis
1347 3186 1523 3240 amorem
1540 3159 1606 3241 ha*

229 3264 376 3348 bime,
407 3264 713 3368 quidquidilllius
734 3288 883 3342 nomen
899 3285 1138 3367 praetexatur,
1161 3260 1253 3343 haut
1271 3265 1381 3341 facile
1406 3266 1491 3363 qui's
1508 3255 1607 3339 milii

230 3360 459 3469 persuaserit.
509 3367 650 3465 Neque
663 3362 838 3466 profesio
865 3368 1062 3463 cognitam
1082 3367 1167 3451 ille,
1180 3355 1487 3469 perspectamque
1508 3365 1606 3443 veti·

229 3482 352 3541 tatem
370 3460 505 3549 haber,
526 3464 634 3542 ficuri
654 3467 787 3543 veritas
803 3457 1014 3545 inChristo
1040 3464 1128 3556 Jesu
1155 3463 1230 3549 est,
1259 3469 1326 3565 qui
1346 3490 1438 3544 eum
1454 3484 1606 3545 tantum

230 3566 272 3641 in
287 3564 408 3643 sanem
419 3560 646 3665 cognoscit,
673 3583 717 3641 ut
737 3562 799 3642 sua
821 3567 1135 3667 quadamlinguae
1152 3567 1393 3645 volubilitate
1405 3566 1452 3641 de
1472 3568 1606 3645 caina·
1662 3592 1666 3599 ·
1720 3616 1728 3631 ·

228 3668 331 3743 niter
349 3668 507 3765 garriat,
526 3686 568 3741 ut
578 3662 845 3769 scripturientis
865 3667 997 3742 calami
1021 3671 1200 3743 acumine
1226 3664 1391 3767 litigiose
1415 3664 1603 3769 disputet,

229 3766 359 3842 aliove
380 3768 472 3867 eam'
489 3762 613 3843 modo
637 3766 842 3845 ambitioni
871 3760 941 3843 suae
961 3764 1135 3845 famulari
1154 3788 1279 3867 cogat.
1320 3770 1427 3844 Tum
1441 3768 1603 3845 demum

229 3886 327 3965 opes
351 3866 414 3942 illa
433 3862 512 3942 filas
529 3864 752 3966 explicabit,
768 3888 987 3969 arcanaeque
1007 3867 1219 3945 dulcedinis
1233 3864 1344 3966 gustu
1375 3870 1543 3971 explebit
1565 3892 1605 3944 a·
1631 3944 1634 3949 .

230 3968 406 4049 nimum,
436 3964 502 4042 ubi
520 3970 642 4043 nativa
662 3964 906 4068 simplicitatis
919 3970 989 4044 l'uae
1003 3968 1090 4043 luce
1106 3970 1147 4044 in
1166 3986 1297 4045 meme
1305 3968 1451 4049 radians
1466 3968 1605 4050 uolun-

116 4108 123 4133 ,
230 4082 350 4143 tatem
370 4064 485 4146 firmil
512 4064 744 4166 affeslusque
766 4060 871 4143 castae
897 4064 1087 4147 cliatitatis
1109 4068 1244 4147 ardore
1269 4067 1507 4151 inflammata
1537 4068 1606 4145 ubi

229 4163 396 4247 infelicia
421 4169 607 4245 vitiorum
625 4166 718 4245 lolia
745 4166 984 4273 urendasque
1019 4168 1139 4247 silices
1162 4165 1352 4253 absumitr
1391 4174 1457 4250 ubi
1473 4168 1604 4248 homi·

231 4282 324 4345 nem
342 4284 492 4355 totum,
522 4262 628 4370 supra
659 4261 926 4357 hujusmundi
953 4268 1095 4347 caduca
1124 4272 1327 4358 evellum,
1351 4274 1520 4373 coelique
1542 4294 1604 4375 ac·
1652 4356 1656 4371 ,

230 4364 386 4445 censum
405 4364 603 4455 defiderio,
615 4366 662 4445 ad
677 4366 827 4447 Divinae
844 4369 1085 4451 transformat
1096 4375 1300 4473 imaginem
1312 4378 1493 4477 puritatis.
1509 4369 1603 4449 Hoc

230 4466 378 4555 modo,
396 4464 467 4577 hac
481 4466 574 4557 rint,
602 4490 727 4571 quum
756 4469 1291 4667 ducendaqr'tdoceridamquc
1314 4467 1515 4592 coelcstem
1537 4496 1620 4551 ve·¹
1683 4544 1701 4559 .

1039 4604 1064 4661 2
1313 4630 1317 4635 ·
1450 4594 1602 4657 ritatem
