4150 5150
490 477 540 560 50
1028 445 1230 524 Exercitatio
1254 442 1328 521 lv.
1395 475 1399 480 ·

490 597 606 685 bium,
628 595 738 695 γυμνίὶ
759 598 916 696 κεφαλῇ,
935 595 976 672 de
993 599 1032 674 iis
1042 599 1260 696 usurpatum,
1273 599 1330 698 qui
1339 599 1450 699 palam
1464 622 1501 672 ac
1516 574 1597 672 citri
1603 593 1771 692 pudorem
1782 589 1856 687 quic

491 725 594 797 quam
617 699 773 796 agerent)
804 701 920 794 utique
947 701 1026 796 quia
1047 703 1203 798 religione
1233 703 1320 776 nibil
1345 704 1501 798 dignius,
1527 698 1681 791 inhujus
1704 693 1858 780 exercitiis

490 819 603 898 aperta
615 805 798 893 retectaque
818 803 924 894 capita
943 801 1098 876 habenda
1115 803 1322 876 censuerunt.
1366 803 1544 898 Postquam
1555 825 1638 874 vero
1666 799 1861 871 Graecorum

491 903 590 978 multi
616 900 739 974 deserta
756 901 946 975 Idololatria
959 905 1001 976 ad
1018 903 1241 977 Christianam
1263 899 1570 978 fidemtransrissent
1582 952 1593 988 ,
1607 900 1769 972 videntur
1792 921 1864 990 quo-

354 999 358 1006 ’
417 1002 422 1009 ’
454 1083 461 1095 ,
490 1031 557 1100 que
564 1001 607 1074 ab
623 999 924 1077 illaconsuetudine
945 1007 1110 1100 aperiendi
1120 1007 1238 1099 capitis
1256 1003 1436 1078 deflexisse:
1453 1002 1521 1076 sive
1535 1003 1730 1098 Judaeorum
1749 998 1787 1069 id
1801 997 1865 1068 irni-

381 1141 385 1146 ’
466 1131 471 1146 ·
491 1109 619 1179 tatione
638 1101 759 1176 faourn
771 1103 889 1192 luerit,
912 1101 979 1178 sive
1001 1109 1080 1180 odio
1099 1109 1199 1180 moris
1217 1109 1358 1202 antiqui.
1385 1107 1515 1179 Verum
1525 1105 1589 1176 hoc
1616 1105 1715 1196 padio
1733 1101 1866 1172 Graeco-

444 1223 452 1244 ⁸
494 1231 570 1278 rum
589 1205 659 1276 aliis
678 1206 992 1298 prophanitatom&
1017 1227 1227 1284 contemtum
1259 1207 1405 1282 numinis
1432 1201 1570 1278 induisse
1588 1203 1676 1275 credi
1696 1217 1867 1297 poterant,

422 1332 426 1338 ·
497 1306 587 1402 quod
601 1301 709 1378 omni'
725 1303 913 1379 testimonio
950 1311 1149 1382 reverentiae
1177 1313 1214 1384 in
1237 1308 1330 1382 sacris
1360 1309 1458 1382 novis
1482 1305 1692 1378 abstinerent
1752 1303 1870 1374 Monet

499 1433 577 1502 ergo
594 1407 714 1478 Paulus
726 1408 809 1479 utin
823 1407 974 1502 precibus
988 1413 1020 1483 de
1038 1412 1211 1506 prophetia
1222 1411 1344 1506 gentile
1361 1411 1459 1482 decus
1467 1405 1699 1491 observarent,
1722 1427 1786 1476 nec
1803 1425 1869 1473 ma-

502 1511 549 1604 gis
568 1509 733 1602 pudendae
748 1509 912 1603 religionis
934 1507 1071 1604 speciem
1089 1511 1278 1607 praeberent
1302 1508 1680 1604 extraneis,.postquam
1697 1501 1870 1577 Christiani

502 1608 713 1697 moidicus,
736 1634 837 1704 quam
862 1611 944 1703 olins
962 1611 1177 1706 praebuissent
1191 1614 1406 1686 Idololatrae:
1444 1613 1612 1684 Hastenus
1637 1609 1826 1701 Attingam.

553 1711 685 1785 XXX.
714 1713 817 1805 Cujus
848 1711 1068 1786 observationi
1086 1715 1121 1787 id
1151 1713 1289 1788 fortassis
1308 1715 1390 1793 addi
1412 1711 1539 1809 potest,
1568 1709 1659 1806 quod
1684 1710 1871 1781 Ludwim

506 1815 648 1910 capellus
661 1811 769 1884 habet.
819 1815 991 1889 Nimirum
1003 1835 1074 1889 tam
1090 1818 1180 1911 apud
1191 1819 1348 1902 Gracco,
1378 1812 1578 1910 quamapud
1591 1813 1783 1896 Romanos,
1804 1830 1872 1896 om-

503 1939 562 1990 nes
577 1915 712 2008 ingenui
731 1913 865 1990 nudo&
884 1917 998 2010 aperto
1021 1919 1128 2013 cespite
1145 1919 1182 1990 in
1195 1917 1370 2012 publicum
1387 1914 1582 2012 prodibant3
1600 1929 1871 2008 nequecaputte»

504 2041 579 2112 gere
597 2013 744 2087 solebant
768 2014 829 2087 nifi
842 2017 955 2105 lustu,
971 2019 1113 2106 morbo,
1130 2021 1238 2094 aliave
1262 2017 1448 2092 necessitate
1458 2017 1581 2104 coacti,
1610 2033 1669 2088 aut
1685 2039 1767 2086 vero
1784 2004 1873 2084 effoe·

415 2200 418 2206 ¹
504 2118 633 2190 minata
649 2115 742 2189 fracti
760 2117 909 2190 mollitie.
964 2121 1088 2195 Noluit
1112 2147 1189 2216 ergo
1211 2121 1388 2216 Apostolus
1401 2119 1595 2194 Corinthios
1607 2117 1644 2190 in
1660 2114 1887 2186 saetisvelato-

446 2235 447 2242 ’
504 2219 610 2312 capite
621 2217 742 2292 adstare
755 2217 1046 2314 superstitiosorum
1058 2246 1117 2296 aut
1127 2223 1380 2297 idololatrarum
1396 2245 1509 2295 morer
1534 2220 1623 2314 quod
1633 2219 1658 2289 is
1668 2219 1750 2288 ritus
1762 2238 1874 2310 argue-

497 2318 555 2392 ‘ret
574 2320 780 2412 perversam,
804 2342 891 2394 certe
907 2348 976 2396 non
994 2323 1219 2398 necessariam,
1248 2325 1378 2420 Juduici
1398 2323 1500 2396 moris
1522 2319 1795 2401 aernulationem,
1820 2311 1877 2384 vel

502 2404 755 2518 decedamus&
765 2423 950 2518 trislemque
967 2451 1004 2499 ac
1011 2425 1163 2500 servilem
1174 2427 1373 2499 Divinitatis
1383 2445 1509 2498 metum
1522 2423 1694 2505 redoleret,
1708 2444 1781 2491 non
1795 2438 1876 2487 vero

502 2520 682 2615 ingenuam
701 2523 983 2617 Christianorum
1012 2553 1114 2624 quam
1132 2527 1221 2625 apud
1235 2529 1350 2601 Deum
1363 2520 1508 2613 liabent,
1532 2520 1717 2619 &profiteri
1737 2517 1874 2603 debent,

503 2621 692 2697 libertatem
703 2643 801 2719 atque
814 2626 968 2701 fiduciam
978 2658 989 2711 s
1007 2631 1063 2704 vel
1076 2630 1219 2724 denique
1240 2630 1331 2723 quod
1344 2618 1438 2703 omni
1455 2626 1558 2701 modo
1570 2623 1793 2719 improbatam
1805 2618 1876 2693 vel-

411 2734 417 2747 ‘
504 2722 551 2795 let
567 2724 602 2794 in
618 2726 883 2801 Christianorum
895 2730 1036 2803 coetibus
1052 2730 1318 2805 conformitatem
1334 2755 1410 2802 cum
1430 2730 1487 2799 illa
1500 2727 1710 2823 quorundam
1730 2720 1876 2799 Trimal·

504 2824 657 2999 ciopulmb
666 2845 740 2902 tum
757 2832 915 2925 temporis
930 2832 1090 2920 mollitie,
1114 2833 1172 2929 qui
1183 2831 1311 2907 nullam
1325 2830 1357 2904 se
1371 2830 1454 2903 aeris
1468 2830 1716 2904 inclementiam
1737 2822 1876 2922 perferre

503 2950 549 3019 po
580 2952 633 2998 ua
659 2948 724 3002 ant

319 3030 408 3147 ἐξὲξ
421 3030 493 3144 ffi?
558 3026 709 3103 XXXI.
736 3032 820 3106 Non
843 3052 957 3105 tamen
975 3032 1066 3129 quod
1088 3017 1297 3119 Corinthiis,'
1321 3030 1437 3105 habita
1469 3032 1572 3105 moris
1586 3056 1701 3105 eorum
1723 3029 1872 3113 ratione,

320 3174 362 3213 rus
377 3158 487 3227 Apono.
504 3126 750 3219 praescribebat,
773 3134 862 3207 idem
880 3130 1017 3207 fortassis
1042 3133 1274 3230 praescripsisset
1290 3133 1446 3206 Hebraeis
1467 3133 1875 3207 insuaterracommoran·

306 3231 492 3347 {affige
505 3226 593 3301 tibus
613 3250 669 3302 aut
688 3232 872 3326 AEgyptiis‚
900 3232 1128 3321 &Arabibsu‚
1144 3238 1201 3331 qui
1218 3238 1285 3309 alio
1297 3260 1389 3307 more
1409 3232 1600 3309 utebantur.
1646 3237 1766 3323 Quum
1788 3232 1876 3303 enim

319 3360 467 3429 perassi-
507 3331 612 3403 civilis
629 3328 832 3407 consuetudo
859 3358 920 3427 pro
939 3334 1088 3409 locorum
1107 3360 1144 3408 ac
1156 3355 1346 3432 temporum
1366 3335 1492 3421 ratione
1510 3331 1724 3408 diversissima
1744 3331 1807 3405 sit:
1842 3328 1877 3401 id

320 3430 476 3549 mugla
506 3432 598 3527 quod
622 3432 675 3505 bic
693 3435 725 3505 &
746 3460 835 3509 nunc
850 3430 1009 3509 decoru'rn
1030 3436 1097 3522 est,
1131 3438 1198 3512 alio
1220 3458 1368 3533 tempore
1390 3462 1429 3508 ac
1447 3438 1521 3510 loco
1535 3432 1665 3531 prorsus
1682 3436 1877 3509 indecorum

319 3564 408 3631 sitm,
505 3532 690 3605 haberetur.
743 3534 905 3609 Obtinuit
924 3554 1036 3611 tonren
1054 3538 1258 3633 Apostolious
1273 3564 1383 3611 canon
1400 3536 1444 3609 ab
1468 3564 1508 3611 eo
1520 3556 1670 3632 tempore
1682 3543 1770 3615 inter
1781 3532 1877 3609 Chri·

408 3638 411 3645 ’
504 3630 625 3707 stiunos
643 3636 886 3729 propemodum
904 3662 1031 3715 omnes.
1073 3640 1215 3735 Anquia
1227 3638 1510 3735 caputaperireab
1521 3638 1677 3712 omnibus
1685 3640 1813 3733 figarum
1825 3658 1878 3707 re·

504 3738 658 3829 verentia
676 3735 844 3809 censetur?
871 3740 942 3811 Vix
966 3760 1092 3835 putem.
1120 3742 1161 3814 Id
1181 3766 1273 3814 nunc
1286 3742 1422 3836 quidem
1432 3739 1469 3811 in
1487 3742 1718 3837 septentrione
1726 3764 1787 3833 per
1799 3734 1879 3809 Gal-

503 3834 580 3907 licas
599 3838 631 3907 dc
650 3836 862 3911 Germanicas
889 3842 1042 3915 nationes
1064 3842 1130 3914 late
1147 3842 1307 3915 manavit.
1358 3840 1558 3935 sltJudaeis‚
1585 3840 1731 3925 Graecis,
1760 3834 1880 3910 Veteri

503 3936 628 4023 Italiae,
648 3940 872 4013 &etiamnum
890 3942 1043 4017 universo
1054 3944 1187 4017 Orienti
1193 3942 1323 4037 prorsus
1338 3943 1385 4016 est
1397 3943 1619 4037 incognitum.
1643 3942 1789 4015 Videtur
1802 3960 1884 4032 ergo

481 4091 485 4099 ‚
502 4038 614 4131 potius
627 4042 792 4133 pertinere
804 4042 846 4114 ad
859 4044 1049 4119 libertatem
1060 4048 1139 4119 novi
1150 4040 1360 4127 Testamenti.
1385 4044 1636 4116 Tertullianus:
1648 4042 1884 4141 capitenata,

503 4143 582 4237 quia
596 4164 655 4211 non
669 4142 890 4233 erubescimus.
1830 4206 1835 4211 .

315 4258 416 4369 ism
477 4318 483 4327 ⁸
550 4238 731 4315 XXXII.
757 4244 924 4341 ACapite
941 4246 983 4319 ad
999 4247 1138 4323 Meum
1151 4245 1345 4319 veniamus:
1374 4248 1460 4322 sirm
1476 4270 1558 4341 quas
1575 4247 1650 4318 lraec
1670 4244 1735 4315 tria
1751 4232 1887 4335 potiffi-

313 4332 487 4453 ,οζὶζζᾞηᾱ
501 4364 595 4413 mum
609 4342 843 4417 consideranda
861 4348 1019 4435 veniunt,
1038 4349 1160 4426 Lotis,
1180 4346 1362 4443 Expanfim
1379 4350 1538 4439 Osculum
1567 4351 1832 4421 Lotiomanuum
1847 4338 1889 4409 in

265 4437 269 4448 ’
313 4452 427 4523 Judsos.
477 4440 668 4535 precibus,
689 4446 804 4519 multis
822 4444 939 4519 usrtata
952 4448 1017 4527 sciit
1034 4443 1207 4545 gentibus,
1226 4446 1399 4537 Hebraeis,
1421 4449 1547 4523 Graecis
1553 4498 1567 4533 ‚
1586 4448 1767 4530 Romanis,
1778 4437 1888 4514 Chri·

496 4541 617 4615 stianis.
643 4544 821 4636 Aristeas,
840 4545 909 4623 sive
922 4544 1067 4645 quisquis
1081 4552 1197 4625 audon
1207 4548 1256 4623 est
1269 4550 1417 4626 historiae
1432 4551 1475 4625 de
1486 4548 1597 4625 LXX
1607 4541 1884 4661 Interpretibuss

479 4662 483 4667 ⁵
1784 4662 1883 4721 mm
