4150 5150
649 427 1105 582 oeraventungnoa.
1498 490 1573 582 ιιι
1724 580 1728 586 ,
1795 459 1796 464 ¹

195 631 279 708 litim
295 627 444 727 ‘aliquem
465 625 650 729 regenerat.
687 639 786 712 Tunc
807 641 898 732 enirn
915 639 1109 734 panduntur
1130 653 1239 732 portae
1256 636 1390 726 cordis,
1408 653 1449 712 ut
1472 638 1576 718 intret
1658 711 1662 718 ,

193 734 267 809 Rex
279 732 406 826 gloriae.
440 734 540 810 Tunc
557 738 658 812 Satan
679 765 758 814 curn
772 735 877 814 veteri
894 738 954 814 illo
972 741 1107 813 homine
1122 737 1318 834 deturbatur
1332 741 1374 813 de
1387 739 1470 813 solio
1488 739 1572 828 suo,

195 831 311 906 affiatu
330 835 419 906 cruci
434 835 566 912 Christi.
593 841 695 913 Tunc
711 843 767 913 lex
783 840 944 915 libertatis
964 843 997 914 a
1017 841 1108 935 regni
1127 839 1316 934 publicatur
1331 841 1367 913 in
1384 842 1497 916 animo
1513 867 1574 938 pet

197 931 359 1030 Spiritum
366 936 496 1052 gutiae,
506 942 539 1011 ἃ
549 939 738 1020 inscribitur
747 945 864 1030 menti,
875 941 1055 1038 omnesque
1067 941 1238 1014 facultates
1249 963 1319 1014 tam
1333 943 1457 1024 animae
1471 967 1572 1038 quom
1652 933 1673 956 ⁸

194 1041 341 1130 corporis
363 1059 410 1109 rta
429 1038 653 1134 disponuntur
672 1065 712 1115 ut
729 1044 851 1138 praello
871 1041 939 1116 lint
957 1043 1000 1115 ad
1017 1043 1083 1116 Dei
1110 1041 1316 1137 obsequium.
1345 1045 1426 1116 Uno
1438 1042 1569 1130 verbo,

193 1155 275 1210 aruo
296 1137 371 1233 quis
389 1160 506 1211 revera
526 1147 671 1239 eripitur
694 1169 738 1228 ex
754 1143 915 1242 potestate
933 1142 1161 1224 tenebrarum,
1177 1145 1221 1220 (a
1240 1143 1441 1236 transfertur
1460 1149 1496 1218 in
1516 1169 1570 1218 re·

190 1261 287 1335 gnam
303 1240 417 1330 dileslt'
431 1245 502 1314 Dei
519 1245 603 1316 atii.
623 1245 700 1317 Col.
718 1268 750 1320 1:
766 1268 825 1338 13.
853 1244 942 1340 quod
957 1243 1053 1340 eopse
1069 1245 1122 1316 dic
1141 1241 1181 1318 fit
1199 1269 1267 1340 quo
1283 1269 1363 1318 uere
1383 1248 1515 1318 audivit
1526 1247 1571 1319 (θ’

193 1343 344 1433 cognovit
364 1345 434 1414 Dei
445 1348 603 1436 gratiam.
628 1371 717 1418 corn.
737 1357 772 1421 6.
808 1346 867 1420 nt
888 1346 1039 1438 Qrando
1057 1347 1313 1440 deprehenditur
1330 1343 1479 1418 notabile
1496 1369 1571 1440 gra-

193 1440 251 1513 tiae
267 1460 509 1534 augmentum,
538 1445 576 1516 in
600 1449 817 1544 cognitione,
839 1443 1372 1533 consolatione„sannificatione'
1384 1475 1396 1527 t
1425 1447 1573 1519 maxime
1658 1465 1662 1472 '

194 1537 267 1614 fiid
284 1538 344 1614 liat
356 1543 431 1635 post
447 1562 657 1638 torpentem,
676 1549 834 1622 moestum
847 1605 858 1631 ,
873 1547 1068 1637 sordidum,
1088 1571 1126 1620 ao
1146 1549 1258 1620 multis
1277 1547 1383 1619 ruodis
1396 1565 1568 1640 turpatum

195 1638 431 1737 turbatumque
448 1647 572 1720 animae
589 1649 723 1726 llatumt
760 1649 821 1723 IV.
847 1650 994 1740 Quando
1013 1654 1151 1736 anima,
1171 1651 1348 1721 certamine
1370 1645 1427 1720 suo
1446 1649 1482 1719 in
1502 1672 1573 1722 cor-

99 1767 100 1775 *
193 1767 274 1843 pore
292 1747 327 1817 &
344 1744 499 1820 adversus
516 1772 635 1844 corpus
652 1751 776 1845 morati
797 1749 977 1838 defuncti,
999 1749 1151 1844 illiusque
1173 1749 1278 1824 soluta
1297 1745 1459 1835 nexibus,
1474 1748 1575 1821 susci-

193 1844 286 1939 pitur
306 1845 349 1920 iu·
373 1847 524 1936 coelum,
545 1869 583 1922 ut
604 1853 740 1946 propius
762 1851 889 1926 frustm
906 1854 1006 1939 Deo,
1028 1859 1188 1946 tantique
1209 1851 1348 1946 gaudeat
1369 1848 1575 1922 beatitudine

99 2026 100 2034 q
193 1968 358 2042 quantam
369 1949 485 2022 anima
497 1975 635 2046 corpore
647 1952 707 2026 suo
719 1954 856 2026 viduata
871 1955 979 2048 potest
990 1977 1117 2048 capere.
1132 1953 1215 2026 Phil.
1236 1977 1266 2027 1:
1283 1971 1342 2045 27·
1370 1952 1472 2044 hpoc
1486 1975 1573 2024 xrvt

99 2072 100 2091 ³
196 2068 253 2138 13.
277 2049 325 2122 V.
348 2051 497 2142 Qando
511 2053 624 2126 anima
640 2056 770 2148 corpori
784 2056 820 2126 in
832 2053 972 2150 gloriosa
986 2052 1228 2126 resuscitatione
1242 2055 1353 2139 uniti,
1365 2069 1455 2124 totus
1468 2053 1575 2124 bomo

99 2229 100 2253 ἶ
194 2147 468 2244 glorificabitur,
490 2151 523 2226 dt
542 2154 736 2228 admittetur
754 2156 796 2228 ad
815 2153 1082 2250 perfectissimam
1099 2157 1165 2228 Dei
1185 2151 1422 2248 poll'ellionem.
1454 2177 1469 2228 1
1491 2155 1572 2228 Cur·

193 2271 252 2324 xv:
271 2271 329 2344 52.
354 2275 372 2344 5
379 2273 412 2344 3.
430 2275 491 2349 54.
517 2257 649 2329 Omnia
667 2258 741 2332 haec
757 2257 799 2330 ad
815 2258 1000 2332 adventum
1013 2257 1122 2352 Regni
1140 2257 1206 2327 Dei
1221 2257 1396 2349 pertinent.

241 2352 412 2428 XXXI.
439 2359 520 2444 Quo
546 2373 696 2452 tempore
716 2359 887 2432 Dominus
908 2356 1000 2453 Jesus
1019 2355 1181 2452 discipulis
1200 2356 1264 2430 suis
1280 2351 1373 2450 juffit
1390 2369 1431 2426 ut
1449 2351 1571 2424 adven·
1588 2373 1673 2425 xm
1693 2371 1757 2450 Qu

194 2473 269 2526 tum
284 2455 389 2552 hujus
408 2457 502 2552 regni
518 2456 603 2531 stata
618 2461 770 2533 oratione
785 2459 1011 2556 exposcerent,
1030 2461 1144 2531 omnia
1161 2481 1199 2530 ea
1212 2483 1289 2553 quae
1299 2458 1459 2529 hactenus
1472 2477 1572 2548 expo·
1588 2437 1751 2558 {gfff

100 2638 101 2642 ,
195 2551 319 2631 srtimtrs
337 2557 449 2631 adbuc
466 2557 578 2633 futura
593 2582 712 2649 erant,
732 2563 765 2635 dc
782 2562 937 2657 pleraque
953 2561 990 2633 in
1004 2559 1128 2633 arcanis
1146 2557 1290 2633 fatonrm
1303 2555 1435 2643 abdita,
1455 2553 1500 2628 ab
1514 2580 1573 2649 op·
1589 2531 1764 2653 noscanof'

195 2656 274 2755 pido
290 2661 433 2755 paucis,
456 2660 607 2735 distinsle
623 2663 909 2759 intelligebantur.
944 2663 996 2736 Pii
1012 2661 1243 2757 ergolstorum
1259 2679 1450 2755 temporum
1468 2656 1574 2729 homi·
1588 2638 1745 2760 pampin-

179 2783 283 2863 ¹nes,
305 2760 466 2855 quicquid
491 2762 552 2835 sub
569 2767 741 2837 communi
761 2787 925 2861 conceptu
949 2764 1112 2835 adventus
1139 2763 1233 2857 regni
1255 2762 1321 2833 Dei
1340 2757 1574 2855 comprehendi
1591 2776 1641 2829 oet
1651 2724 1771 2859 piram
1974 2758 1977 2883 p

101 2911 102 2928 .
196 2859 239 2933 ab
258 2858 338 2955 ipsae
355 2880 501 2955 poterat,
521 2859 801 2942 commendabant
813 2866 902 2941 D'eo.
930 2867 1064 2938 Caetera
1084 2866 1159 2937 Deo
1178 2860 1421 2958 permittentes,
1438 2884 1514 2956 quae
1529 2856 1576 2931 se·
1693 2956 1695 2958 ‚
1976 2884 1977 2941 ι

196 2962 349 3037 σιιιιιὶιιιιι
363 2959 526 3037 diversam
542 2982 735 3060 temporum
752 2967 1018 3053 oeconomiam,
1037 2966 1156 3039 claritas
1173 2964 1370 3050 revelanda,
1392 2952 1579 3034 distinctius
1703 3044 1708 3065 .
1975 2980 1977 3045 t

196 3061 484 3152 demonstranda,
503 3066 642 3139 ulterius
658 3065 893 3161 amplificanda
910 3084 1008 3161 atque
1026 3064 1287 3140 consummanda
1300 3084 1407 3137 erant.
1432 3064 1507 3137 Nos
1519 3066 1579 3132 au'-
1887 3062 1890 3075 '

196 3183 268 3241 tem
288 3163 413 3261 quibus
430 3184 502 3241 tarn
514 3166 671 3241 felicibus
689 3166 751 3241 ell'e
768 3170 928 3264 contigit,
946 3190 986 3241 ut
1002 3194 1075 3242 non
1094 3167 1201 3239 solum
1214 3167 1306 3261 regni
1327 3166 1416 3237 illius
1438 3164 1582 3257 primor-

196 3268 253 3341 dia
269 3268 456 3342 viderimus
472 3318 485 3357 ,
503 3268 606 3343 sed&
624 3268 812 3344 mirabilem
827 3271 897 3364 ejus
907 3268 1127 3365 progressum,
1143 3268 1407 3363 stupendumque
1424 3286 1584 3361 augmen-

199 3386 297 3453 tum5
312 3363 452 3465 quoties
458 3371 597 3444 eandem
615 3370 814 3466 proferimus
827 3372 1027 3457 orationem,
1041 3372 1138 3444 toties
1154 3370 1271 3465 gratim
1282 3370 1357 3441 Deo
1373 3392 1468 3460 agere
1482 3389 1584 3459 opor-

195 3488 247 3545 tet
261 3497 329 3565 pro
342 3471 384 3543 iis
402 3488 490 3565 quse·
500 3474 660 3547 hactenus
674 3474 717 3545 ad
734 3472 842 3568 Regni
861 3472 910 3546 sui
930 3475 1177 3567 promotionem
1200 3490 1270 3543 tam
1295 3466 1470 3563 magnifice
1494 3479 1586 3561 prae·

196 3572 316 3659 stitit,
343 3571 381 3643 in
400 3573 536 3646 liscum
556 3573 792 3669 acquiescendo
814 3574 919 3647 animi
936 3573 1040 3646 nostri
1063 3572 1258 3666 luminaque
1281 3570 1400 3642 laetitia
1417 3564 1585 3640 exsultan-

196 3694 275 3761 tes,
299 3696 341 3746 ea
361 3672 531 3746 laudantes
547 3698 587 3745 ac
602 3674 825 3758 celebrantem
843 3678 969 3772 &gurm
986 3699 1088 3769 porro
1102 3673 1253 3769 precari,
1275 3692 1314 3743 ut
1331 3696 1368 3742 ea
1382 3670 1496 3743 omnia
1511 3668 1584 3763 glo·

196 3775 288 3852 n'ose
308 3770 463 3869 perlicere
481 3775 665 3869 dignetur,
684 3802 895 3873 quacumque
913 3776 957 3849 ad
983 3776 1130 3849 nostram
1151 3773 1319 3869 ipsorum,
1336 3770 1503 3865 totiusque
1523 3770 1588 3841 Eo·

198 3874 313 3952 elestae
341 3874 696 3965 consummationem,
719 3882 753 3951 dc
781 3879 1065 3973 complementum
1087 3878 1241 3950 omniurn
1267 3874 1514 3969 prophetiarum
1535 3894 1589 3940 re-

198 3976 294 4053 stant
317 4006 328 4049 t
353 4004 397 4052 ex
418 3979 461 4050 iis
481 4003 558 4073 quae
578 3980 735 4052 hactenus
755 3980 922 4073 completa
940 3978 1040 4064 srtnt,
1067 3996 1151 4051 certa
1164 3976 1227 4070 ‘spe
1247 3994 1369 4047 caetera
1386 3970 1602 4067 complenda!
1647 4010 1652 4029 ι

198 4078 452 4178 praesumenter.
499 4082 546 4154 Et
569 4071 839 4175 quandoquidem
861 4106 900 4193 eq
919 4082 1003 4153 haut
1025 4080 1139 4174 paullo
1158 4078 1342 4151 dillindlius
1361 4073 1459 4148 nobis
1483 4094 1587 4166 quom

198 4178 327 4279 priscis
340 4179 407 4251 illis
422 4177 576 4253 fidelibus
593 4180 740 4274 exposita
761 4181 862 4263 sumt
884 4208 954 4254 non
972 4183 1142 4276 ingratum
1160 4182 1236 4251 Deo
1256 4179 1337 4264 erit,
1357 4174 1382 4248 sr
1399 4172 1589 4270 proletlmn

198 4281 382 4377 sapientiae
399 4280 575 4375 spirimalis
594 4282 695 4354 etiam
713 4284 748 4356 in
770 4282 974 4355 orationibus
999 4280 1116 4354 nostris
1140 4280 1368 4364 ostendentes,
1390 4302 1429 4347 ea
1446 4272 1505 4369 ipsr
1524 4274 1586 4343 ali-

201 4402 339 4481 quanto
361 4384 554 4477 explicatius
574 4386 608 4455 dr
630 4382 834 4457 enucleatius
857 4406 1094 4479 proponamus.
1136 4382 1220 4455 Non
1244 4382 1320 4452 Deo
1341 4402 1418 4473 quae
1435 4374 1589 4448 facienda
1737 4405 1739 4411 s

201 4484 285 4558 sunt
303 4485 374 4555 ullo
392 4484 496 4556 modo
515 4482 763 4579 praescribentes
773 4514 786 4568 ;
806 4489 900 4581 quod
917 4510 940 4557 a
953 4483 1113 4557 modestia
1130 4480 1263 4565 nollra,
1279 4484 1312 4552 dr
1324 4480 1510 4553 reverentia
1522 4476 1590 4547 Di.

200 4588 305 4677 ¹tritaet
316 4584 500 4697 Maiellatis
513 4610 676 4687 perquam
691 4586 791 4663 debet
806 4585 869 4663 elle
884 4588 1059 4671 alienumt
1076 4584 1132 4658 sed
1149 4603 1189 4657 ut
1201 4582 1313 4678 palum
1328 4576 1508 4665 imminu,
1521 4602 1588 4648 nos

226 4742 232 4749 .
755 4728 762 4737 ·
1512 4700 1588 4753 ΗΘΒ
