4150 5150
322 537 333 548 ἱ
483 441 539 524 96
665 519 670 526 ,
1013 427 1232 531 Exercitatio
1258 429 1391 516 Vlll.
1554 503 1562 512 .
1665 536 1669 554 ,

343 574 346 580 ·
535 555 687 638 XLVII
714 557 907 660 Apostolus
922 581 1072 662 quoque
1090 559 1271 639 invisrbilia
1285 559 1379 650 Dei,
1410 555 1668 642 tudertum»
1688 563 1757 658 jam
1775 559 1893 654 indes

404 733 408 740 ,
485 659 640 737 conditu
653 660 793 738 mundo
810 662 931 737 mente'
942 661 1110 761 perpensa
1122 664 1299 760 pervideri
1311 662 1447 748 docet,
1472 657 1512 732 aa
1525 655 1893 756 speciatim-aternam

483 755 559 836 Dei
572 772 651 835 tum
695 762 867 837 ocentiam
885 770 963 836 tum
977 759 1222 838 Divinitatem.
1244 803 1247 808 ·
1273 760 1382 840 Rom.
1415 785 1445 836 r.
1480 779 1537 833 ao.
1590 755 1715 849 Quem
1733 761 1892 839 locunra

381 881 394 894 ³
514 851 657 934 errerfis
727 862 923 938 reticorurn
936 860 1009 936 inte
1055 863 1261 938 retamentis
1275 861 1357 938 alibi
1371 857 1640 946 vindicavimus.
1675 855 1763 942 Hoc
1776 885 1894 939 urnam

513 958 548 1033 ‘c
565 970 778 1046 monentes,
805 982 883 1036 non
922 981 1008 1036 roca
1035 959 1186 1038 uramA
1212 959 1318 1040 ostoli
1348 957 1730 1062 argumentationem,
1759 959 1891 1038 fralius

486 1056 765 1134 mundicreator
781 1075 876 1136 aute
902 1071 1020 1137 etant
1044 984 1251 1162 elle'pollet,
1275 1071 1400 1162 praet'er
1415 1057 1578 1140 Unicum
1593 1053 1682 1133 illud
1696 1057 1891 1139 AEternum

490 1153 657 1234 &Omni
685 1170 787 1234 otens
811 1180 958 1236 numen.
1724 1165 1732 1170 ”
1864 1195 1869 1200 -

307 1275 458 1355 utnon·
503 1251 588 1332 ‘XL
677 1313 684 1330 .
711 1255 826 1334 Porro
839 1257 931 1334 adeo
949 1255 1035 1335 Deo
1058 1259 1244 1356 propriam
1264 1254 1330 1334 eise
1351 1257 1495 1338 creandi
1511 1256 1711 1348 astionem,
1745 1269 1787 1332 ut
1802 1277 1890 1331 cum

302 1341 473 1464 Μὲὠξ
492 1353 588 1430 nulla
601 1356 760 1432 ereatura
773 1356 1081 1434 communicabilis
1099 1355 1148 1445 srr,
1167 1355 1354 1458 hocpacto
1373 1357 1642 1436 demonstratur.
1670 1355 1816 1436 Creatio
1832 1353 1887 1432 en

305 1429 416 1536 ῗιιῗα
492 1454 684 1630 qrodustio
696 1458 748 1532 rei
759 1479 824 1556 per
836 1479 977 1534 merum
986 1459 1136 1534 creantis
1147 1458 1348 1560 imperium.
1377 1456 1415 1534 Si
1427 1461 1546 1558 itaque
1557 1455 1744 1556 fingamus,
1757 1454 1886 1535 Deum

278 1627 281 1634 .
450 1594 466 1609 w
521 1579 568 1632 uc
578 1554 663 1632 dare
672 1570 838 1634 creaturae
849 1555 954 1634 abacti
963 1570 1008 1634 ut
1027 1555 1073 1632 ad
1090 1559 1165 1653 ejus
1176 1559 1368 1662 imperium
1380 1581 1435 1634 res
1446 1555 1670 1660 ,aliaffl'stab
1694 1553 1891 1634 relexisto-

390 1734 394 1740 ‚
494 1668 550 1731 ret
563 1654 620 1732 illa
630 1679 686 1732 res
697 1655 789 1732 nihil
811 1655 856 1734 ad
868 1652 961 1734 illius
972 1656 1193 1734 existentiam
1206 1671 1446 1756 cooperante,
1471 1653 1539 1734 sire
1554 1653 1698 1734 volente
1710 1679 1752 1732 ac
1762 1654 1890 1752 juben·

493 1766 532 1830 te
549 1751 657 1844 Dec,
687 1752 747 1831 sed
769 1757 818 1831 ita
836 1767 876 1832 ut
890 1768 1006 1832 totam
1018 1749 1238 1834 existentiam
1253 1757 1351 1834 suam
1367 1758 1472 1834 nutui
1490 1757 1694 1858 imperantis
1716 1767 1886 1833 creatura

493 1853 664 1931 deberet:
689 1855 747 1931 vel
767 1855 938 1954 existeret,
957 1854 1043 1934 Deo
1066 1855 1168 1932 srmul
1181 1879 1265 1933 cum
1280 1869 1439 1933 creatura
1451 1879 1531 1956 quae
1547 1879 1665 1932 creare
1676 1854 1825 1954 fingitur
1837 1855 1890 1929 rei

494 1953 588 2030 allius
601 1955 820 2031 existentiam
831 1953 975 2032 volente
996 1979 1039 2033 ac
1053 1955 1207 2052 jubente.
1259 1953 1368 2056 Atqui
1382 1969 1576 2056 utrumque
1604 1949 1888 2054 indignislmrum

493 2049 581 2130 Deo
594 2053 653 2142 est,
679 2055 716 2129 dc
732 2054 947 2131 manifestam
959 2053 1278 2132 contradictionem
1288 2053 1455 2154 implicat.
1482 2053 1519 2131 Si
1530 2055 1627 2153 prius
1647 2053 1783 2130 dicaam
1798 2049 1888 2143 3sin-
1954 2087 1956 2090 ·

437 2222 440 2226 s
494 2155 605 2250 gitur,
618 2151 748 2251 Deum
769 2153 870 2244 velle,
882 2169 924 2232 ut
943 2167 1101 2232 creatura
1114 2155 1229 2256 aliqua
1246 2151 1308 2242 srt,
1329 2177 1409 2254 quae
1426 2157 1464 2230 in
1475 2153 1744 2254 operationibus
1761 2151 1831 2227 suis
1841 2151 1886 2227 ab

493 2253 571 2352 ipso
600 2275 678 2353 non
699 2253 909 2354 dependeat,
938 2255 976 2329 n
997 2267 1038 2331 ut
1090 2277 1128 2330 er
1150 2277 1291 2330 merum
1315 2251 1474 2332 absoluto
1542 2277 1587 2330 ue
1604 2267 1772 2329 creaturae
1790 2249 1887 2326 istius

492 2353 688 2450 imperium
699 2377 754 2429 res
772 2353 888 2456 aliqua
897 2355 1003 2430 etiam
1012 2277 1088 2453 ipAE
1102 2376 1178 2430 non
1189 2353 1334 2430 volente
1346 2353 1475 2430 existat
1568 2375 1617 2430 uo
1630 2351 1885 2449 nihilcogr'tari

494 2451 614 2550 potest
630 2451 818 2531 absurdius.
867 2452 932 2550 Sin
948 2454 1121 2552 posterius
1138 2452 1308 2552 eligatur:
1339 2477 1416 2530 non
1435 2467 1509 2530 tam
1528 2467 1685 2538 creatura
1697 2451 1779 2538 illa,
1805 2473 1886 2549 quae

449 2568 453 2572 ’
495 2573 614 2629 creare
627 2549 786 2651 fingitur,
809 2560 944 2630 crearet
961 2552 1124 2654 (quippe
1137 2556 1236 2656 cujus
1253 2554 1445 2654 imperium
1456 2552 1501 2629 nd
1512 2551 1729 2635 currentiam
1742 2551 1795 2627 rei
1806 2571 1885 2627 nun

495 2648 749 2748 est‘sufficiens)
765 2652 825 2729 sed
844 2650 945 2732 Deus
957 2668 1091 2731 crearet
1103 2652 1148 2729 ad
1164 2654 1355 2751 imperium
1380 2652 1474 2731 illius
1485 2666 1661 2740 creaturae,
1676 2674 1746 2768 qua
1759 2647 1885 2727 rolen-

492 2764 532 2827 te
541 2774 622 2828 rem
636 2752 792 2853 aliquam
807 2752 965 2843 existere,
989 2750 1091 2832 Deus
1108 2750 1206 2841 idem
1217 2752 1323 2829 vellet
1333 2776 1373 2828 ac
1390 2752 1536 2849 juberet
1587 2750 1782 2852 Atqurhoc
1804 2772 1884 2825 non

372 2864 376 2882 ⁴
415 2916 421 2933 ,
491 2850 608 2927 modo
627 2867 751 2929 contra
768 2848 981 2953 hypothesin
999 2851 1071 2947 est3
1086 2849 1155 2927 'sed
1170 2848 1341 2931 &Deum
1361 2852 1444 2930 facit
1461 2855 1501 2930 in
1526 2852 1797 2951 operationibus
1815 2848 1883 2926 suis

489 2950 534 3025 ab
552 2950 862 3050 irnperioalicujus
879 2964 1046 3031 creatura
1057 2950 1426 3050 dependentemQuae
1440 2976 1553 3053 quum
1566 2952 1746 3051 asuprenri
1758 2948 1879 3025 nunri-
1967 3026 1968 3029 γ

488 3052 544 3125 nis
556 3050 729 3148 dignitate
744 3049 945 3129 dienflfima
955 3046 1044 3145 smt3
1077 3049 1297 3151 consequeus
1315 3050 1385 3141 est,
1417 3064 1459 3129 ut
1470 3050 1817 3143 creandiatlionem
1841 3070 1882 3125 ac
1967 3120 1969 3147 ἱ

486 3146 689 3227 facultatem
701 3148 1076 3228 incommunimbssem
1102 3148 1168 3227 else
1180 3164 1347 3229 creaturae
1368 3151 1633 3231 concludamus.
1856 3200 1861 3209 ·
1966 3164 1969 3215 ἑ

358 3295 362 3316 r
458 3319 461 3325 .
536 3243 673 3328 XLIX
701 3248 840 3327 Ianone
874 3249 997 3326 uidem
1006 3250 1280 3341 instrumentum
1291 3250 1439 3352 aliquod
1450 3254 1638 3334 creationis
1652 3247 1765 3327 mirre
1776 3246 1876 3327 dcte
1965 3260 1968 3337 l

383 3391 387 3402 .
472 3348 647 3447 cogitari
658 3348 795 3451 potest
873 3350 986 3426 onob
1098 3350 1214 3426 modo
1237 3353 1415 3439 rationem
1432 3353 1516 3451 quia
1529 3370 1640 3431 omne
1664 3348 1878 3427 instrumen-
1966 3358 1967 3377 ¹

486 3458 567 3523 tum
580 3446 1010 3542 materiamtcsubjeuum
1054 3449 1396 3550 ‘quodrequiratin
1410 3450 1512 3550 quod
1527 3452 1581 3528 uti
1595 3448 1785 3550 aptitudinl
1811 3448 1880 3525 suae

491 3548 711 3625 conveniens
728 3548 777 3624 est
789 3560 970 3647 operetur,
987 3551 1120 3627 creatio
1132 3562 1251 3625 autem
1259 3548 1371 3627 stnue
1386 3550 1475 3627 ditia
1488 3572 1641 3629 omnem
1657 3546 1883 3649 praesulten-

487 3658 564 3724 tem
574 3650 758 3727 materiam
769 3661 974 3751 removeat.-
998 3646 1059 3724 sed
1072 3650 1259 3749 praecipue,
1293 3652 1352 3727 uia
1365 3652 1496 3727 creatio
1514 3650 1590 3727 solo
1602 3650 1753 3729 creantis
1763 3646 1883 3747 impe-

355 3772 358 3781 ·
486 3748 542 3821 rio
554 3770 597 3823 ac
605 3746 789 3824 vohrntate
800 3770 883 3849 pera
915 3748 1087 3848 'tunquae
1095 3770 1245 3827 omnem
1299 3750 1368 3825 'am
1381 3748 1613 3839 concaussam,
1633 3744 1878 3847 cujuscunque

486 3844 634 3924 tandem
649 3846 707 3924 illa
724 3848 865 3947 generis
886 3770 943 3934 ll,
969 3847 1149 3925 excludit:
1172 3850 1271 3944 juxta
1295 3848 1334 3925 id
1351 3848 1453 3951 quod
1470 3849 1585 3929 modo
1606 3847 1876 3950 producimus:

486 3948 762 4119 Βῖιιὶιάοῖενναηι
775 3948 1005 4040 perrneipsmn.
1056 3942 1121 4047 Jel
1136 3970 1273 4025 xum
1741 3998 1743 4005 ·

308 4052 467 4108 nereum
568 4104 576 4117 .
604 4042 1054 4123 Exdemonstratisinvitie
1067 4046 1253 4152 colligitur
1268 3974 1346 4126 illi
1374 4072 1416 4129 ac
1434 4042 1583 4146 Spiritus
1607 4040 1723 4121 sancti
1748 4042 1880 4121 eadem¹

310 4124 471 4243 {mim
488 4165 576 4217 curn
587 4141 687 4222 Patre
704 4145 839 4224 Deitas.
888 4144 992 4224 licet
1005 4147 1103 4223 enim
1113 4144 1216 4237 Patri,
1230 4160 1379 4249 propter
1388 4148 1545 4241 rationes
1555 4140 1640 4223 alibi
1650 4166 1669 4219 a
1681 4145 1789 4220 nobis
1802 4140 1876 4221 assi-

312 4262 372 4343 tilii
387 4262 414 4311 δι
426 4255 636 4340 magnatus,
662 4246 702 4320 in
721 4244 922 4347 SynrbolO,
947 4246 1081 4325 creatio
1101 4246 1329 4337 attribuatur,
1352 4246 1502 4329 eandem
1526 4260 1647 4333 tamen
1664 4238 1755 4321 Filio
1780 4266 1875 4343 quo-

307 4332 561 4515 ffifflque
586 4342 624 4417 dc
645 4342 790 4443 Spiritui
811 4344 940 4423 sancto
964 4342 1078 4444 Sacrae
1101 4342 1228 4425 Literae
1253 4348 1480 4439 adscribunt¹
1511 4342 1720 4445 Utrumque
1742 4366 1874 4420 eorum

305 4467 402 4522 oum.
483 4458 692 4626 fflter
711 4446 837 4526 Deum
859 4444 931 4522 dici
960 4446 1104 4527 constat.
1154 4442 1191 4523 st
1216 4462 1364 4537 autern,
1401 4458 1518 4549 quum
1542 4444 1645 4525 Deus
1675 4458 1872 4531 vocentur,

658 4544 695 4624 δι
723 4562 855 4631 terram
877 4570 956 4629 uon
981 4544 1155 4639 feceriut,
1180 4546 1250 4633 tta
1277 4572 1341 4631 eos
1361 4544 1444 4631 Diis
1464 4544 1637 4629 accenseri
1658 4541 1796 4625 necesse
1820 4540 1873 4663 est

1813 4668 1870 4743 qm
