4150 5150
489 548 626 604 arunt.
644 546 705 623 34
745 514 919 607 Fatemur
931 528 1019 626 justa
1036 528 1103 605 esse
1117 526 1322 609 omniaDei
1333 532 1372 605 in
1390 550 1457 605 noe
1477 522 1605 623 juditia
1626 523 1748 627 quibua
1766 526 1843 603 iram

476 624 807 724 xsuarn,&peccati
824 628 953 706 odium
967 630 1191 709 nraniseshrm
1210 630 1301 709 facit.
1351 628 1401 727 Ps.
1415 622 1469 704 ιιῖ
1482 640 1515 701 6.
1566 625 1674 703 Rom.
1699 648 1843 718 111.19.

492 720 659 804 Fatemur
671 724 826 825 deniqne
836 727 980 813 salutem
988 726 1143 808 nostram
1161 752 1236 809 non
1248 728 1314 807 esse
1328 726 1553 828 quaerendam
1578 727 1615 799 in
1639 724 1717 804 ullis
1736 724 1847 802 nona

494 823 641 910 meritis,
650 822 812 903 nostrane
829 821 1057 905 tansfacrione
1070 854 1078 903 ε
1091 828 1149 905 sed
1163 830 1211 903 in
1219 828 1370 926 gratuita
1382 824 1650 905 condonatione
1662 824 1848 901 debitorum

446 952 451 969 ¹
493 920 711 1010 nostrornm,
720 945 801 1023 quae
813 928 867 1003 uti
879 950 1011 1023 negare
1021 950 1099 1005 non
1113 926 1306 1025 possumus,
1323 930 1370 1005 ita
1383 950 1450 1005 nec
1462 947 1681 1022 expungere.
1692 922 1848 1000 Romen.

500 1034 535 1098 6.
549 1044 584 1116 7.
634 1020 775 1097 Attente
785 1022 911 1102 huram
922 1026 1107 1101 veritatum
1124 1026 1319 1113 meditatio,
1338 1050 1379 1103 ac
1391 1023 1521 1103 sincera
1533 1020 1698 1100 conseffio
1710 1024 1848 1120 apprime

494 1120 591 1199 utilis
601 1144 641 1196 ac
652 1118 902 1212 neceffariaest,
920 1124 965 1201 ad
976 1148 1056 1200 eam
1069 1126 1174 1201 nobis
1196 1124 1443 1221 humilitatem,
1467 1120 1686 1222 sanctamque
1703 1120 1749 1198 de
1758 1120 1823 1197 nob

409 1245 416 1258 ’
494 1218 575 1319 ipfis
587 1218 865 1393 defierationem
877 1224 1166 1322 ingenerandam,
1180 1222 1251 1301 fine
1270 1248 1340 1325 qua
1353 1246 1420 1299 nec
1432 1219 1515 1301 Deo
1527 1223 1617 1318 grati
1636 1218 1701 1297 esse
1717 1276 1729 1309 ,
1748 1242 1849 1320 neque

470 1384 480 1407 ‚
495 1318 540 1395 ad
552 1314 638 1395 cn·
668 1342 731 1395 um
743 1320 951 1419 confugere,
961 1346 1030 1399 nec
1045 1324 1082 1397 in
1093 1320 1196 1423 ipsrus
1208 1326 1355 1422 gratiam
1366 1334 1445 1401 tuto
1459 1345 1500 1398 ac
1514 1322 1635 1399 secure
1644 1319 1771 1420 sperare
1784 1316 1851 1417 pos

493 1417 625 1495 sumus.
673 1414 761 1501 Haec
773 1442 865 1520 ergo
877 1418 919 1499 srt
928 1423 1036 1499 animi
1047 1421 1289 1501 adcriminum
1300 1422 1443 1500 suorum
1456 1418 1658 1519 adspeihrm
1666 1418 1852 1518 trepidantia

493 1515 589 1616 apud
602 1512 724 1595 Ddum
748 1522 885 1599 oratio:
912 1527 1062 1597 Peccavit
1093 1523 1299 1622 quidfncinm
1324 1524 1405 1608 ribi,
1431 1528 1558 1613 ocustos
1579 1521 1761 1593 bominum?
1782 1514 1850 1618 Job.

385 1681 388 1690 .
493 1640 575 1714 vu.
595 1639 655 1695 20.
705 1624 760 1691 Ne
775 1622 974 1717 congredienti
984 1620 1105 1710 judicio
1124 1644 1194 1695 nnn
1204 1622 1296 1716 servo
1311 1641 1389 1712 ητις
1412 1646 1483 1693 naon
1509 1646 1568 1692 non
1584 1616 1655 1717 effer
1663 1619 1854 1713 justumne

493 1734 526 1790 te
538 1718 613 1789 udus
624 1723 759 1815 vinens„
784 1716 836 1797 Ρί
853 1742 981 1797 carun.
998 1740 1033 1795 2.

319 1832 454 1917 ιιςιοιι-
541 1810 646 1895 XVI.
676 1811 721 1891 ΙΙ.
747 1822 823 1891 Earn
837 1821 971 1915 gloriam
984 1824 1052 1891 Deo
1069 1814 1198 1905 ἅωιικι,
1222 1812 1339 1905 utstne
1354 1810 1430 1891 ullo
1450 1820 1611 1889 virtutum
1629 1806 1764 1891 suarum
1776 1809 1857 1905 infir·
1942 1890 1943 1893 ,

316 1904 549 2027 {munina
578 1912 658 1989 imo
679 1939 752 1985 cum
776 1920 883 2013 illustri
902 1940 1026 1995 earum
1039 1918 1266 2011 paresadione,
1291 1926 1523 2011 peccatorum
1538 1914 1644 1990 nobis
1669 1912 1856 1989 nostrornm

318 1986 460 2114 Μ’...εἶ
495 2012 636 2089 ueniam
651 2010 765 2087 iacere
780 2014 897 2117 posset.
945 2014 984 2093 Si
1000 2016 1081 2115 quis
1092 2012 1333 2113 peseiiionum
1351 2010 1564 2089 Divinarum
1577 2011 1801 2110 opulentiam,
1814 2008 1856 2085 se·
1939 2032 1944 2045 ·

320 2118 456 2202 juratam
495 2108 657 2187 cundum
670 2109 786 2197 ideam
795 2115 939 2230 Optimi
950 2114 1104 2192 Maximi
1121 2112 1289 2191 Numinis
1308 2132 1423 2187 aarum
1435 2112 1540 2189 nobis
1554 2108 1762 2211 impressam,
1772 2130 1860 2186 cura·

318 2184 461 2325 mm
495 2222 532 2285 te
543 2208 760 2308 meditatum
783 2212 971 2294 istortaffie
980 2221 1211 2288 ratiocinatione
1222 2214 1361 2487 roffi,
1385 2226 1447 2291 aut
1448 2210 1657 2303 suspicabitur,
1666 2208 1859 2297 ffltemnon

495 2309 651 2386 omnino
669 2306 736 2387 esse
746 2326 797 2381 ae·
816 2318 968 2383 aava».
994 2324 1036 2388 ut
1049 2310 1152 2406 iustus
1165 2310 1257 2389 santi
1320 2334 1364 2387 ue
1377 2308 1462 2389 Deo
1474 2312 1513 2385 in
1529 2311 1681 2407 gratiam
1698 2332 1779 2387 cnm
1789 2328 1863 2407 peo-

498 2419 618 2485 catore
629 2404 963 2487 redeatFoveteam
980 2409 1078 2509 spem
1096 2410 1291 2488 observatio
1342 2410 1443 2487 ivinae
1451 2417 1607 2503 parientia
1618 2416 1861 2493 nemidonae.

499 2528 570 2609 qua
581 2518 788 2607 peccatores
799 2528 876 2584 non
888 2506 1014 2586 tolerat
1026 2508 1153 2601 solum,
1165 2510 1224 2590 sed
1237 2508 1328 2588 &ad
1339 2507 1372 2586 se
1380 2506 1613 2686 guarandum
1622 2502 1857 2584 invitatRom

500 2631 558 2684 ιι.
575 2631 612 2702 4
662 2605 839 2686 Caeterum
848 2609 951 2705 andra
963 2609 1021 2685 iile
1034 2625 1177 2708 peccata
1187 2607 1380 2688 condonan
1405 2613 1429 2697 i,
1448 2610 1512 2709 qui
1528 2607 1620 2686 solus
1637 2603 1863 2701 Dardanees.

496 2703 593 2789 natta
608 2729 767 2806 unquam
781 2705 946 2786 humanae
959 2711 1088 2786 mentis
1100 2703 1266 2786 industria
1283 2709 1432 2784 inveniri
1444 2709 1574 2806 potuit
1623 2703 1751 2805 quue
1775 2723 1865 2802 pror-

497 2802 553 2913 sus
571 2805 775 2904 incognito,
787 2807 849 2881 vix
865 2805 925 2893 est,
937 2821 998 2884 aut
1009 2811 1125 2884 nevix
1138 2807 1297 2908 quidem,
1314 2820 1356 2884 ut
1373 2809 1636 2894 animuetantae
1649 2807 1702 2881 rei
1716 2821 1866 2880 momen·

497 2915 578 2980 tum
590 2904 676 2998 justa
691 2903 792 2982 sance
808 2905 1019 3004 ponderans,
1031 2905 1188 2984 securam
1198 2905 1260 2984 fibi
1273 2907 1383 2984 veniae
1399 2905 1497 3008 spem
1509 2907 1666 3001 forniare
1677 2899 1769 2982 ausit
1804 2895 1867 2978 Hit

499 3002 689 3080 intercedit
714 3001 969 3104 Evangelium,
983 3005 1163 3108 anxiisque
1180 3009 1381 3095 merttibus,
1408 3009 1582 3084 rationem
1599 3003 1789 3090 monstrat,
1813 2997 1864 3076 cni

498 3100 712 3180 conscientia
722 3102 1046 3182 moxaffiantinr'rut
1061 3115 1279 3196 numanam,
1305 3105 1497 3184 sedandum
1514 3127 1624 3206 quam
1634 3101 1740 3182 Deus
1763 3103 1799 3176 in
1819 3121 1867 3175 re·

497 3197 663 3278 nniffione
683 3215 914 3300 peccatorum
926 3203 1108 3297 &iustitie
1125 3205 1191 3282 suaa
1204 3204 1364 3282 severum
1383 3209 1560 3304 rigorem,
1580 3205 1616 3278 &
1633 3198 1868 3281 incredibilem

496 3295 605 3377 simut
620 3299 816 3377 clementiae
828 3299 1089 3397 indrdgentiam
1103 3303 1276 3396 ostentam
1301 3305 1466 3382 translato
1475 3303 1667 3382 criminum
1675 3301 1866 3378 nostrorum

498 3399 649 3475 reatuin
665 3393 970 3496 expromifforem,
988 3403 1051 3500 qui
1070 3401 1107 3475 de
1124 3401 1369 3481 vadimonium
1382 3403 1506 3482 lubens
1523 3403 1650 3492 obivit,
1669 3402 1707 3477 dc
1718 3424 1738 3476 a
1749 3397 1869 3496 suscep·

497 3507 541 3572 to
556 3508 654 3573 reatu
664 3495 700 3573 se
709 3496 857 3598 suosque
871 3521 1000 3576 omnes
1037 3497 1205 3578 lenissime
1226 3501 1384 3580 ertsolvit
1417 3503 1524 3582 Rom.
1555 3525 1635 3578 ιιι.
1657 3521 1719 3596 24
1738 3521 1794 3590 25.
1816 3505 1867 3571 26·

497 3589 589 3672 Haec
599 3594 649 3670 est
665 3619 706 3672 ea
711 3596 854 3772 gloriam
879 3621 988 3698 quarn
1003 3524 1107 3678 fides
1127 3599 1319 3678 Christiana
1333 3601 1525 3680 secundum
1546 3597 1785 3698 Evangeiium
1794 3594 1869 3676 Deo

500 3690 572 3782 dat,
586 3717 699 3793 quum
735 3697 836 3784 icit,·
851 3699 951 3772 Credo
968 3699 1163 3790 rnnffonem
1177 3721 1378 3794 peccatoram.
1426 3699 1541 3779 Mieh.
1559 3725 1614 3776 ιι.
1631 3713 1690 3786 18.
1744 3693 1870 3796 Qiress

501 3795 858 3890 beataemariae?
882 3798 1048 3872 condonans
1066 3807 1281 3900 nianaeon,
1300 3799 1346 3888 ἓξ
1354 3801 1734 3897 praemensdesedsiennn
1746 3791 1871 3896 reliquii

496 3892 668 4066 aboenffiffiomi
693 3899 798 3970 tua?
834 3923 893 3970 non
919 3903 1050 3971 retinens
1073 3905 1107 3972 in
1127 3919 1273 3980 aternum
1296 3910 1375 3976 iram
1399 3903 1513 3994 suam,
1544 3927 1577 3978 et
1605 3899 1694 3999 quod
1718 3900 1871 3973 delendam

565 4001 570 4012 '
607 4000 695 4068 itote.

327 4105 375 4162 m.
396 4099 446 4150 te·
474 4163 485 4180 ,
595 4087 675 4169 VII.
724 4089 785 4172 111.
811 4088 881 4168 Sed
903 4114 982 4169 non
999 4089 1142 4171 substitit
1156 4089 1218 4170 hic
1239 4090 1334 4172 fides.
1386 4089 1489 4172 Certa
1502 4107 1742 4194 peccatorum
1762 4090 1873 4172 remia·

318 4179 498 4292 ’ζζξᾝῖ
505 4185 640 4271 sionem
663 4193 701 4266 in
716 4191 857 4271 Christo
879 4189 1065 4290 repositam
1083 4191 1161 4280 esse,
1181 4191 1226 4270 ad
1247 4217 1331 4270 eum
1340 4193 1377 4284 se
1395 4205 1520 4288 recipit,
1539 4207 1581 4270 ut
1596 4196 1654 4286 fibi
1666 4215 1817 4298 quoqne
1833 4184 1872 4264 ad

327 4306 480 4386 mutin
504 4288 850 4390 snanrconseqnatur
865 4289 1061 4368 salutemid
1076 4289 1176 4394 quod
1189 4291 1348 4370 fidelibus
1362 4297 1492 4369 omnibu
1506 4293 1718 4392 promissum
1744 4289 1808 4370 esse
1832 4305 1873 4363 ex

328 4389 361 4428 ⁸⁰
377 4389 478 4426 ’ω
504 4386 699 4489 Evangelio
712 4390 821 4470 discit
868 4387 933 4489 Jet
948 4414 1003 4468 ιν.
1026 4416 1061 4488 7.
1099 4403 1286 4485 Revereatur
1304 4393 1347 4466 ad
1360 4395 1764 4488 Jebovnn,utmiserearur
1777 4389 1874 4484 ipsam

327 4440 467 4568 ζώῃ
505 4492 551 4566 ad
567 4497 674 4568 Deum
702 4501 862 4596 amaon,
890 4499 947 4591 'qut
977 4494 1126 4571 coenan
1152 4495 1333 4588 plurimum.
1382 4493 1480 4574 Nam
1511 4493 1674 4596 profesto
1701 4493 1778 4574 fieri
1805 4507 1874 4566 non

1766 4581 1945 4690 pann
