4150 5150
262 434 267 442 ¹
381 522 386 540 Ι
490 429 566 531 ⁴nr
931 488 937 499 .
1017 425 1335 508 nuumoxrr.

490 573 682 651 oraratiffimi
707 573 904 659 creditoris,
930 571 1054 668 quibus
1072 601 1141 654 uon
1161 577 1269 671 potest
1288 581 1372 672 quin
1394 577 1608 676 adstipuletur
1632 588 1736 662 arrimi
1760 589 1859 673 vestri
1912 569 1919 574 ⁸

490 676 695 779 conscientia.
735 681 788 750 An
805 673 883 769 suga
898 675 995 749 vobis
1016 673 1185 751 consulere
1201 679 1397 773 praesrunitis
1414 733 1425 768 ‚
1452 702 1490 754 ut
1506 709 1623 760 manus
1644 691 1859 784 injectionem

489 783 507 852 ὲ
527 781 686 854 creditore
707 777 885 850 evadatis?
909 779 1068 871 Atqui,
1093 797 1152 850 aut
1176 783 1276 872 quoi
1301 787 1338 854 Si
1351 783 1546 871 scandereris
1564 791 1680 878 celos,
1699 819 1770 864 ecce
1791 795 1857 866 illic

490 881 559 965 eft:
584 882 612 972 fi
624 881 767 963 stratum
781 883 946 975 poneretis
964 882 999 950 in
1010 878 1180 974 sepulcro,
1201 907 1272 956 ecce
1283 881 1390 964 ariell:
1411 883 1441 974 fi
1461 883 1658 975 affumeretis
1674 894 1744 964 clas
1760 919 1857 964 auro·

449 1000 453 1004 “
489 1009 533 1056 re
550 980 735 1054 habitaturi
752 983 788 1051 in
804 983 1020 1052 extrerritate
1043 985 1167 1061 maris,
1186 987 1287 1054 etiam
1304 983 1371 1062 illic
1386 1009 1496 1058 martes
1514 988 1602 1060 illius
1623 1008 1752 1064 terreret
1773 1019 1855 1072 vos,

338 1147 351 1156 Η
420 1136 425 1142 .
488 1088 534 1158 aa*
550 1083 802 1179 apprehenderet
824 1105 883 1150 uos
904 1083 1025 1152 dextra
1054 1081 1134 1171 ejus.
1162 1081 1210 1154 Ps.
1232 1100 1400 1158 cxxxrx:
1426 1096 1459 1168 8.
1475 1109 1509 1172 9.
1534 1108 1589 1161 10.
1628 1089 1697 1163 Ubi
1721 1093 1856 1166 tundens

485 1204 600 1256 tutum
616 1181 745 1274 asylum
762 1179 940 1252 invenietis
952 1178 1106 1253 adversus
1126 1181 1441 1276 omnipraesentern?
1460 1187 1616 1281 Superbia
1633 1191 1856 1275 euind‘vestri

485 1289 613 1380 decepit
630 1310 702 1359 vos.
748 1280 860 1355 Obad.
889 1304 922 1362 1,
944 1303 976 1371 3.
1013 1285 1049 1354 Si
1061 1279 1222 1383 fhderetis
1245 1285 1418 1358 latitaturi
1435 1290 1470 1356 in
1483 1287 1659 1382 sepulcro,
1681 1297 1778 1378 inde,
1806 1295 1855 1364 in-

483 1385 559 1478 quit
574 1384 690 1470 Deus,
710 1407 821 1455 manus
843 1407 913 1454 mec
932 1401 1064 1477 caperet
1080 1407 1162 1456 vos:
1185 1385 1229 1458 dt*
1246 1383 1275 1474 fi
1300 1383 1532 1474 adscenderetis
1555 1392 1590 1459 irs
1611 1393 1745 1472 celum,
1767 1395 1854 1467 illim

482 1489 672 1559 deducerem
688 1509 759 1555 vos.
788 1487 837 1556 lit
853 1479 880 1574 fi
894 1480 1058 1555 adderetis
1072 1509 1130 1554 vos
1149 1488 1186 1556 in
1202 1489 1330 1556 vortice
1348 1488 1511 1566 Carmeli,
1531 1490 1604 1562 inde
1617 1491 1786 1580 scrutatus
1806 1519 1855 1566 ca·

480 1607 593 1683 perem
605 1610 691 1670 voss
712 1587 757 1658 Ψ
771 1583 800 1674 fi
818 1583 1029 1656 occultaretir
1048 1581 1146 1656 unsri
1169 1583 1335 1679 conspecu,
1351 1587 1520 1664 oculorum,
1533 1609 1677 1666 meorum
1698 1599 1734 1665 r'rr
1749 1591 1866 1686 fundo·

483 1691 613 1768 maris,
632 1689 705 1758 inde
720 1687 926 1781 praeciperem
941 1681 1087 1780 serpenti
1105 1704 1145 1756 ut
1164 1687 1327 1766 morderet
1345 1711 1418 1760 uos.
1454 1685 1565 1760 Amos.
1592 1708 1654 1766 rx':
1676 1713 1710 1769 2.
1729 1715 1761 1784 3.
1799 1690 1853 1768 An

374 1825 380 1832 ·
487 1811 570 1861 vero
587 1811 627 1860 ea
643 1811 707 1858 ros
730 1782 785 1877 spe
802 1783 955 1868 laetatis,
974 1781 1124 1858 futurum
1147 1807 1319 1879 nunquam
1335 1782 1418 1867 elle,
1437 1790 1636 1864 ortationes
1654 1793 1853 1889 exigantur?

488 1890 661 1961 Caeterum
682 1882 871 1957 inviolabili
892 1886 1081 1975 juramento
1102 1885 1209 1960 sanxit
1231 1887 1355 1972 Dens,
1383 1906 1474 1962 certo
1501 1915 1553 1963 eas
1578 1896 1754 1988 exigendas
1780 1893 1853 1970 effe.

488 1994 654 2087 Scriptum
674 1984 841 2069 efferim:
861 1986 950 2060 Vivo
962 2010 1048 2079 ego,
1070 1991 1151 2060 dicit
1169 1991 1352 2064 Donatus,
1372 1995 1467 2062 Certe
1480 1993 1565 2065 milri
1581 1995 1645 2087 sese
1659 1993 1773 2086 flesset
1788 2025 1853 2071 cm

487 2116 527 2162 ne
541 2113 657 2184 geru,
680 2091 723 2160 st*
745 2091 847 2160 omnis
874 2087 988 2180 lingua
1001 2085 1112 2181 palam
1132 2087 1275 2182 agnoscet
1299 2092 1420 2166 Deum.
1466 2092 1598 2168 Nantua
1618 2117 1718 2194 anuo
1742 2120 1854 2176 ortus·

488 2211 644 2276 cursone
670 2207 852 2262 uosrnuar
876 2207 925 2260 na
950 2205 1096 2275 cereso
1126 2207 1323 2264 artronum
1346 2209 1498 2267 sennar
1518 2195 1611 2270 Duo.
1640 2199 1852 2275 Romuxrv:

491 2315 548 2366 11.
573 2311 628 2365 12.
655 2291 707 2362 An
727 2288 868 2379 denique
882 2284 1111 2375 arbitramini,
1134 2313 1205 2362 nnn
1223 2287 1524 2370 aerumanvobis
1550 2298 1762 2393 apologiam,
1786 2325 1852 2396 qua

483 2391 645 2500 excusem
664 2408 721 2462 aut
736 2389 881 2482 purgetis
902 2385 1066 2460 admissa?
1100 2391 1136 2463 Ο
1154 2413 1257 2462 vanas
1273 2389 1466 2484 decipientis
1488 2393 1519 2466 se
1544 2395 1658 2491 sponte
1674 2403 1779 2474 animi
1798 2427 1853 2476 co-

361 2579 365 2585 ’
435 2522 441 2544 ·
486 2495 688 2591 gitatrones!
714 2515 758 2562 ne
774 2487 895 2561 solium
916 2487 1051 2584 quidem
1072 2485 1254 2564 ficulneum
1272 2489 1399 2566 habetis
1420 2495 1509 2590 quod
1528 2503 1716 2593 praetexatis
1738 2529 1851 2597 peuco-

485 2617 534 2669 to.
560 2596 637 2691 th.
653 2618 711 2665 xv:
728 2612 788 2668 22.
814 2594 865 2664 Ut
882 2614 971 2663 omne
994 2617 1029 2665 os
1051 2590 1258 2674 obstruatur,
1276 2598 1320 2667 dr
1339 2593 1495 2671 obnoxius
1517 2596 1584 2688 psat
1604 2623 1695 2675 rctrrs
1717 2610 1851 2679 munus

452 2694 737 2773 'condemnationi
763 2696 845 2766 Dei.
878 2692 978 2765 Rom.
1002 2714 1086 2765 aar:
1110 2716 1166 2781 19.
1205 2698 1295 2783 Quae
1317 2720 1394 2787 ergo
1414 2698 1523 2784 ratio,
1540 2720 1597 2775 aut
1618 2728 1696 2797 quae
1715 2707 1851 2779 tandem

479 2799 616 2872 rationis
635 2794 753 2889 species
772 2790 939 2885 superest,
960 2814 1027 2887 qua
1047 2788 1080 2866 se
1099 2808 1171 2865 tam
1192 2793 1307 2865 insana
1328 2792 1479 2871 sectuitns
1500 2804 1659 2879 tuentur?
1679 2806 1718 2879 ld
1739 2804 1854 2880 fotalse

477 2899 603 2985 restat,
623 2916 662 2969 ut
686 2894 878 2968 existimetis
902 2890 1193 2967 icleffientiffimo
1215 2897 1352 2969 numine
1376 2923 1446 2971 non
1470 2902 1652 2977 admodum
1673 2905 1853 2983 difficulter

482 3001 696 3093 impetratum
712 2997 753 3068 iri
770 2995 928 3075 variam
946 2993 1049 3068 modo
1071 2994 1108 3066 in
1128 2994 1250 3069 lectulo
1267 3000 1443 3071 emortuali
1463 3002 1573 3077 verbis
1595 3007 1765 3101 publicani
1783 3010 1851 3081 illi-

481 3127 522 3173 us
538 3103 651 3174 Deum
665 3097 891 3191 compelletis,
913 3100 1055 3169 Domine
1073 3102 1239 3193 propitius
1262 3096 1324 3179 esto
1341 3101 1453 3187 mistero
1474 3106 1557 3177 milri
1571 3116 1749 3201 peccatori.
1786 3112 1850 3184 Sed

479 3220 522 3274 tu
538 3201 612 3296 quis
628 3226 662 3271 es
679 3199 737 3292 qui
756 3198 849 3291 plura
865 3194 931 3268 tibi
947 3196 989 3266 de
1006 3194 1071 3265 Dei
1089 3193 1239 3269 bonitate
1258 3198 1404 3293 polliceri
1418 3200 1521 3277 ausss,
1544 3232 1643 3301 quam
1660 3210 1774 3281 David
1791 3212 1850 3283 ali.

483 3305 581 3397 quis,
600 3318 659 3373 aut
671 3300 834 3381 Hirmas,
853 3315 912 3369 aut
924 3296 1057 3369 Petrus,
1079 3299 1292 3385 auersatus,
1312 3298 1496 3397 fimilesque
1513 3332 1596 3401 quos
1612 3312 1734 3385 anricus
1750 3330 1847 3406 atque

480 3399 672 3475 necessarios
697 3398 763 3470 Dei
788 3394 880 3469 soille
898 3398 1045 3491 ignorare
1071 3400 1185 3493 utique
1208 3426 1278 3473 non
1300 3400 1465 3489 debebas,
1488 3408 1520 3479 dr
1542 3412 1688 3504 quinon
1710 3409 1772 3495 nist
1790 3438 1848 3507 per

478 3504 604 3576 vallem
628 3501 872 3592 lachrymarum
896 3498 934 3568 in
964 3498 1084 3570 collem
1106 3502 1281 3595 tranquille
1305 3502 1535 3598 consolationis
1559 3512 1749 3585 anhelantes
1768 3510 1848 3589 enisr

425 3592 432 3603 ⁸
477 3602 588 3676 sunt?
611 3602 746 3687 Nemo,
766 3626 868 3673 nenro
890 3596 952 3670 fibi
969 3600 1139 3673 molliores
1154 3602 1260 3675 aditus
1280 3602 1491 3698 imaginetur.
1832 3605 1837 3611 ’

494 3746 498 3753 ·
527 3704 737 3780 XXXIII.
768 3702 843 3775 ΙΙΙ.
868 3700 930 3775 Sed
949 3702 1157 3783 &vosmihi
1171 3704 1390 3795 conrpellandi
1411 3706 1506 3795 estis,
1526 3712 1585 3807 qui
1607 3732 1729 3790 temere
1747 3716 1846 3793 vobis

473 3827 685 3902 peccatorum
701 3799 926 3876 remiffionem
945 3821 1106 3893 tanquam
1119 3800 1311 3897 acquisitam
1329 3826 1517 3903 certamque
1536 3818 1713 3908 arrogatis,
1728 3845 1846 3914 quam.

476 3909 528 3979 vis
547 3932 655 4001 neque
680 3904 821 3977 crimina
839 3925 990 3995 unquam
1018 3902 1125 3973 vestra
1146 3905 1195 3975 uti
1217 3930 1274 3997 par
1298 3904 1584 4001 eructemus,
1606 3936 1707 4011 atque
1727 3923 1845 3993 etiarn·

477 4034 564 4083 num
585 4012 621 4080 in
640 4007 684 4087 iis,
703 4006 851 4089 vivatis,
873 4027 980 4095 neque
1002 4004 1222 4097 aequitatem,
1247 4005 1556 4087 mansuetudinem,
1579 4018 1762 4092 charitaten
1787 4046 1843 4095 ex-

478 4111 611 4183 erceatis
626 4131 701 4201 erga
719 4106 889 4199 proximos
906 4101 1040 4177 vestros.
1092 4106 1260 4193 Qraenam
1278 4110 1352 4179 haec
1369 4109 1416 4181 est
1432 4112 1622 4200 dementia,
1641 4136 1681 4193 nt
1699 4122 1737 4191 in
1758 4122 1844 4197 tanti

477 4210 642 4283 momenti
666 4203 983 4300 negotio‘cascarum
1004 4205 1282 4298 imaginationum
1302 4206 1521 4287 lbrltorumve
1544 4216 1752 4293 somniorum
1772 4222 1843 4295 sua-

424 4394 427 4398 ,
474 4313 609 4384 viludiis
635 4333 697 4380 vos
719 4305 887 4401 pascatis?
914 4306 1055 4381 Peccata
1076 4304 1171 4379 nobis
1188 4309 1303 4403 polita
1314 4358 1326 4395 ‚
1351 4306 1395 4385 sic
1418 4314 1555 4404 dicitis,
1574 4317 1842 4399 ficcrederevos

475 4409 704 4505 profitemini,
728 4408 747 4479 d
767 4408 843 4480 Deo
863 4405 1054 4476 condonata
1076 4402 1165 4478 sunt.
1207 4409 1318 4503 Atque
1338 4410 1396 4483 ista
1415 4415 1648 4509 praesumtione
1666 4420 1743 4496 freti
1770 4426 1842 4499 ani-

475 4534 592 4601 mum,
611 4507 762 4587 adversio
779 4532 894 4586 ornnes
911 4500 981 4583 five
999 4506 1390 4597 cornmouuouutfive
1411 4514 1631 4615 suspiciones,
1655 4522 1839 4604 obduratis.

1794 4630 1841 4707 At
