4150 5150
109 449 113 560 l

198 2247 205 2264 x
314 2185 410 2254 qrorid

446 491 452 498 ·
495 473 543 544 62
904 465 910 478 '
1020 463 1221 542 Exercitatio
1256 465 1303 542 V.

306 647 475 770 {3oequ
547 609 669 687 XIII.
692 607 889 794 qliiflselrrr'et
897 609 1055 785 tquotidie
1069 603 1232 790 orpppum
1253 612 1420 789 dixequnt
1455 613 1510 689 Ita
1525 611 1648 791 lrabgnt
1668 607 1877 700 omisero·

310 780 468 920 ilii‘sreffi,
499 739 581 890 beosrt’r
596 739 708 890 Ixia
720 733 880 901 ,pSeitbcie
887 733 1305 910 Nldbldlfultlbsperi·,vdiida⁸
1322 736 1556 891 Gbibcidr'xuid
1587 740 1880 913 Adrdciatidusiongumlo:

497 943 575 991 rum
591 935 779 1010 temporum
798 914 991 989 rationibus.
1018 916 1112 990 Idem
1130 918 1231 991 habet
1242 917 1476 1014 Chrylostomut
1491 923 1641 995 Homilia
1653 927 1689 993 in
1702 919 1756 1010 ΡΙ.
1773 939 1880 995 cm.

497 1019 557 1092 ubi
575 1041 688 1092 tamen
708 1019 739 1089 dt
761 1016 839 1088 alius
864 1019 960 1110 hujus
983 1017 1224 1092 distributionis
1248 1021 1389 1092 rationes
1410 1021 1534 1094 laudat
1587 1021 1760 1094 Nonnulli
1780 1023 1883 1093 etiarn

498 1121 639 1193 Davidis
662 1119 815 1212 exemplo
831 1117 953 1216 septies
967 1145 1076 1215 preces
1097 1121 1139 1192 ad
1160 1122 1271 1193 Deum
1285 1113 1436 1215 quotidie
1453 1121 1638 1195 fundendas
1657 1123 1854 1196 voluerunt.

310 1258 376 1310 xrv.
395 1255 464 1306 cn·
548 1221 662 1296 XIV.
700 1222 882 1294 Gnrecr
907 1224 1128 1309 recentiores,
1158 1221 1273 1295 diebus'
1299 1219 1418 1312 festis,
1443 1223 1646 1310 Domitios,
1673 1222 1885 1317 &quolibet

309 1321 441 1398 coronae
500 1322 553 1404 die
571 1323 703 1397 Saturni
724 1321 807 1394 circa
827 1320 997 1416 vesperam
1016 1324 1053 1395 in
1071 1325 1237 1419 templum
1259 1324 1291 1396 se
1308 1321 1492 1398 confenrnt.
1535 1328 1726 1420 Iterumque
1748 1322 1882 1398 summo

308 1389 455 1523 dididdda.
499 1429 619 1511 mane,
641 1421 735 1496 idest
753 1425 834 1496 hora
850 1423 924 1517 post
943 1423 1087 1498 mediam
1105 1429 1238 1498 noctem
1260 1424 1423 1513 secunda,
1445 1427 1548 1500 etiam
1565 1425 1717 1501 foerninae
1741 1450 1821 1498 cum
1839 1425 1885 1496 Ii·
1972 1467 1976 1476 ·

499 1527 608 1614 beris,
624 1526 717 1600 domi
732 1551 834 1620 puero
848 1524 956 1598 solum
972 1525 1028 1599 vel
1043 1527 1154 1620 puella
1170 1529 1316 1600 relidiis:
1335 1525 1449 1623 ibique
1469 1549 1606 1600 manent
1621 1526 1723 1622 usque
1739 1529 1781 1600 ad
1795 1549 1883 1600 tern-

359 1699 362 1708 ,
496 1656 559 1725 pus
577 1629 805 1714 matutinum,
827 1649 979 1702 vacantes
1003 1626 1206 1722 precibus&
1228 1627 1373 1722 hymnis.
1415 1631 1560 1703 Oriente
1581 1628 1648 1702 sole
1667 1629 1807 1702 domurn
1830 1652 1884 1700 re·

497 1733 626 1817 deunt,
646 1728 688 1802 ab
706 1729 800 1802 omni
818 1727 893 1802 cibo
912 1747 1063 1824 potuque
1083 1729 1186 1826 usque
1206 1729 1248 1801 ad
1267 1731 1385 1804 horam
1403 1755 1529 1804 nonam
1547 1729 1756 1804 abstinenter.
1800 1734 1885 1818 Qra

498 1831 653 1908 Sacerdos
677 1827 796 1904 iterum
820 1831 860 1904 iis
880 1832 917 1904 in
943 1833 1108 1927 templum
1129 1831 1296 1929 praecedit
1336 1832 1516 1932 dlrrrflopb.
1538 1833 1659 1930 Angel.
1687 1841 1752 1931 Cap
1767 1853 1882 1907 1111.

503 1933 598 2010 Adde
614 1934 844 2006 annotationes
864 1933 1028 2006 Felrlavii.

312 2055 366 2108 xv.
383 2055 483 2103 nomia
549 2035 638 2110 XV.
665 2037 972 2128 Romnurusus
995 2033 1166 2122 hodierni,
1185 2059 1302 2108 omnes
1320 2031 1434 2108 fideles
1457 2035 1683 2131 cujuscunque
1702 2031 1797 2106 sexus
1822 2051 1885 2108 aut

313 2116 405 2172 ''ms‘'
413 2129 453 2234 ζ’
495 2135 602 2234 ,status
616 2135 779 2230 obligatos
794 2134 888 2229 ajunt
901 2153 937 2208 ut
950 2153 999 2208 ter
1011 2135 1160 2232 quotidie
1175 2139 1310 2210 Beatam
1327 2136 1505 2230 Virginem
1517 2137 1712 2210 salutatione
1724 2135 1885 2230 Angelioe

312 2257 418 2306 aratam
502 2255 723 2312 venerentur:
742 2261 858 2324 mane,
872 2237 1025 2325 meridie,
1045 2235 1180 2332 vesperi.
1211 2239 1369 2325 Addunt,
1382 2257 1475 2312 terna
1494 2240 1551 2313 illa
1570 2237 1764 2312 salutatione
1782 2261 1884 2310 revo-

313 2323 469 2452 {iffi}
502 2343 567 2412 cari
585 2341 620 2412 in
638 2338 834 2412 memoriam
854 2339 919 2412 tria
936 2340 1083 2412 maxima
1102 2339 1343 2413 Christianismi
1361 2339 1525 2434 mysteria.
1552 2340 1732 2426 Matutiu,
1758 2337 1884 2412 Christi

312 2453 384 2508 bert.
501 2439 785 2518 Resurredlionem
792 2468 802 2522 3
820 2440 1025 2528 Meridianr,
1046 2435 1232 2514 Paffionem
1244 2469 1255 2523 ;
1273 2439 1492 2536 vespertina,
1514 2444 1791 2516 Incarnntionem.
1829 2440 1886 2514 Sic

500 2545 622 2617 docent
641 2541 881 2630 Bellatminus,
902 2539 1081 2631 Canisrus,
1103 2541 1170 2617 alii.
1211 2542 1275 2617 Sed
1293 2560 1498 2640 quantopere
1516 2569 1555 2621 ea
1574 2545 1594 2616 ir
1611 2544 1744 2617 Veteris
1764 2565 1804 2614 ac
1819 2567 1883 2638 pu-

501 2648 597 2719 rioris
617 2642 855 2717 Christianismi
872 2647 964 2741 praxi
985 2646 1157 2732 recedant,
1172 2646 1299 2741 prolixe
1319 2646 1559 2721 demonstravit
1577 2646 1744 2721 Dorus,
1763 2648 1803 2719 de
1818 2643 1883 2721 Ob·

415 2836 420 2849 ·
481 2838 483 2843 Ι
496 2749 584 2847 jedlo
604 2748 719 2821 Cultus
735 2744 891 2842 Religiofi
904 2744 982 2820 Lib.
1000 2770 1082 2821 111.
1101 2755 1273 2845 Cap.x1v.

314 2866 380 2918 rvr.
397 2863 473 2942 nore
549 2848 665 2924 XVI.
693 2846 843 2921 Maxime
863 2848 952 2944 apud
969 2846 1055 2943 ipsos
1075 2846 1305 2921 memorabiles
1322 2844 1398 2921 sunt
1418 2849 1553 2925 Horma
1571 2850 1820 2931 concutere,
1840 2842 1882 2921 ri-

313 2934 462 2983 ΨΜ·
500 2976 543 3025 ve
559 2950 704 3046 Officium
724 2954 902 3037 Divinum,
929 2950 1034 3041 Qrod
1054 2950 1102 3023 ita
1119 2947 1237 3024 definit
1250 2949 1495 3024 Bellarminur:
1521 2949 1781 3035 Elicertaratr‘o
1794 2948 1880 3047 palr-

336 3080 357 3115 ·-
499 3054 562 3129 lice
582 3054 735 3127 laudandi
752 3056 969 3150 precandique
988 3055 1119 3127 Deum,
1136 3073 1243 3126 meare
1250 3050 1349 3146 fimul
1364 3055 1410 3127 θ
1428 3078 1525 3126 voce,
1547 3054 1749 3126 audiorirare
1763 3050 1878 3148 prestr-

496 3150 567 3229 lum
583 3152 730 3245 Ecclefie
747 3150 905 3235 irfiitura.
942 3152 1109 3226 Dicuntur
1123 3160 1245 3235 Hora,
1265 3152 1342 3248 quia
1355 3153 1483 3226 statutis
1500 3154 1588 3226 horis
1603 3154 1793 3225 recitantur.
1820 3160 1879 3223 ca·

380 3320 387 3327 .
498 3260 636 3329 nomcae:
657 3252 711 3325 vel
728 3252 806 3346 quia
822 3250 1079 3335 Ecclefiasticaer
1102 3278 1181 3326 nam
1196 3255 1405 3331 canonicum
1420 3257 1452 3327 a
1465 3252 1726 3328 Ecclefiasticmn
1743 3278 1804 3347 pro
1825 3276 1878 3324 eo-

497 3356 575 3430 dem
587 3350 712 3427 hebent
726 3379 735 3423 t
751 3354 807 3427 vel
825 3354 902 3447 quia
918 3350 993 3425 sunt
1012 3380 1124 3449 preces
1144 3357 1418 3444 Cononicorum,
1441 3358 1541 3429 choro
1555 3356 1777 3428 auditorum.
1803 3354 1876 3426 Ma·

496 3460 581 3531 teria
597 3448 739 3541 Officii,
757 3450 937 3527 secundum
950 3456 1211 3545 bellarminum,
1224 3479 1333 3553 partes
1350 3458 1464 3531 decem
1477 3456 1577 3531 habet
1594 3484 1603 3528 r
1620 3456 1781 3543 Psalmos,
1792 3457 1876 3527 Can·

497 3559 563 3632 tica
574 3556 589 3639 ,l
603 3558 781 3649 Hymos,
797 3556 991 3645 Lectiones,
1004 3557 1241 3653 Responsoria,
1257 3557 1490 3654 Antiphonas,
1507 3558 1677 3645 Limnias,
1693 3556 1872 3653 capitula,

499 3658 693 3745 Colledirs,
715 3656 941 3751 Symbolum,
961 3660 993 3732 dc
1010 3658 1285 3735 ConfelIronem..
1309 3662 1400 3750 Quae
1420 3661 1501 3757 quid
1518 3658 1644 3757 singula
1661 3656 1848 3755 significent
1858 3704 1872 3743 ,

498 3762 531 3835 δι
551 3786 618 3856 quo
639 3757 741 3833 modo
759 3760 777 3831 ὲ
797 3758 989 3833 seinvicem
1013 3762 1256 3856 distinguantur
1272 3762 1437 3857 prolixum
1454 3760 1529 3836 esset
1544 3768 1717 3857 exponere.
1759 3761 1874 3854 Neque

442 3928 446 3931 .
499 3864 555 3935 vel
573 3861 615 3935 ad
631 3858 873 3949 eruditionem,
889 3862 944 3933 vel
958 3862 999 3933 ad
1012 3864 1170 3958 pietatem
1188 3862 1337 3935 multum
1355 3862 1464 3963 refert.

311 3979 390 4033 Μ.
407 3977 465 4028 rer·
550 3963 690 4039 XVII.
718 3963 860 4054 Persona
878 3962 919 4035 ad
931 3958 1083 4037 officium
1095 3964 1179 4037 illud
1192 3962 1361 4060 obligatae,
1377 3989 1447 4037 non
1464 3962 1539 4046 sunt
1553 3963 1733 4037 Christiani
1748 3986 1872 4045 omnes,

312 4042 475 4175 &2⁸²⁸
501 4062 557 4153 sed
574 4061 600 4139 I.
618 4061 838 4155 Beneficiarr',
862 4066 923 4160 qui
941 4066 1077 4140 titulum
1093 4064 1219 4146 habent
1237 4062 1391 4140 beneficii
1407 4062 1634 4152 Ecclesiastici,
1647 4064 1837 4161 incipiendo
1855 4062 1873 4132 d

364 4168 367 4177 “
499 4166 554 4239 die
572 4162 772 4262 poffeffionis
792 4166 930 4263 adeptae.
956 4168 1007 4241 ΙΙ.
1028 4171 1138 4241 Sacris
1156 4168 1322 4242 ordinibus
1335 4172 1478 4245 initiari.
1503 4168 1577 4241 III.
1599 4170 1782 4263 Regulam
1798 4182 1872 4263 pro·
1966 4216 1967 4252 ,

492 4266 588 4367 feffl,
607 4289 676 4340 tam
691 4292 817 4355 mares,
837 4292 935 4364 quam
955 4268 1131 4355 foerninae,
1151 4269 1253 4341 choro
1271 4268 1392 4341 addicti
1411 4294 1420 4340 r
1449 4292 1590 4363 quorum
1609 4264 1772 4367 obligatio
1796 4264 1873 4337 inci·

495 4368 547 4466 pit
562 4366 604 4442 ab
623 4395 661 4441 ea
679 4370 760 4441 hora
780 4394 845 4462 qua
862 4369 1048 4445 solemnem
1068 4388 1230 4444 votorum
1246 4366 1481 4465 profeffionem
1497 4369 1686 4445 emiserunt.
1726 4360 1815 4443 Haec
1827 4383 1874 4437 ta·

387 4480 391 4483 ’
494 4496 574 4545 men
590 4470 707 4543 multas
725 4470 898 4564 patiuntur
916 4473 1133 4569 exceptiones.
1167 4472 1250 4546 Non
1263 4473 1355 4545 enim
1373 4496 1490 4545 omnes
1505 4472 1553 4543 illi
1569 4470 1691 4568 quibus
1707 4464 1812 4545 officii
1825 4488 1872 4539 ra-

492 4573 586 4649 tione
607 4568 796 4647 incumbit,
815 4573 911 4647 lrorar
932 4574 1006 4651 illes
1027 4571 1089 4672 ipa
1106 4572 1307 4675 observant,
1325 4574 1380 4651 sed
1394 4599 1453 4675 per
1470 4574 1552 4652 alios
1569 4573 1708 4653 vicarios
1728 4568 1871 4747 {quelq

1705 4698 1730 4749 0
1766 4688 1869 4747 CI'WI
