4150 5150
1131 452 2501 560 HERMANNUS
2660 452 3614 558 WITSIUS

1513 690 2348 855 -Auditoribus
2434 691 2660 829 suis
2723 738 2765 863 ‚·
2894 743 3235 847 verae

1876 964 2390 1069 Theosophiae
2453 966 2820 1049 Studiofis
2854 1009 2882 1053 ι

1877 1142 1890 1147 ·
2341 1116 2415 1195 S.

1009 1409 1158 1498 51¹3?
1186 1401 1372 1494 ’Ἓξ
1411 1394 2008 1472 ECTISSIMI
2072 1397 2476 1493 Juvmuzs
2518 1446 2544 1485 ,
2621 1396 2930 1474 SAcRA
3001 1399 3201 1475 Deo
3291 1399 3680 1474 01³1·er
3730 1440 3751 1472 ε

1077 1493 1162 1611 ε’,ῗῒι
1222 1496 1375 1610 rga*
1442 1500 1723 1575 Axon
1770 1521 1819 1572 A
1846 1521 1891 1573 c
1941 1519 2343 1573 onmem
2393 1519 2770 1574 nonme
2801 1550 2823 1586 ,
2877 1502 2983 1571 uti
3039 1502 3331 1597 quotidie
3362 1505 3529 1572 viva
3552 1522 3751 1570 voce.

1094 1618 1171 1742 5³?
1205 1561 1379 1778 ,ἶ
1426 1600 2223 1785 ἕεεῖςΜεῇῑῄζῖε-ῑεῑὲ*
2271 1602 2900 1795 tezzanum.
2929 1604 3037 1772 ,ἐξ
3069 1604 3755 1773 Bw?

1004 1809 1094 1883 t'li
1115 1852 1136 1880 ‚
1181 1827 1289 1877 eas
1315 1801 1481 1872 alios
1525 1800 1870 1896 aliquando
1917 1803 2141 1873 docere
2182 1803 2396 1896 idonei
2429 1799 2604 1890 fitis.
2696 1787 2838 1874 ‘Ne
2878 1804 3105 1897 pigeat
3157 1800 3534 1874 literarium
3591 1821 3752 1869 nunc

1013 1911 1133 1984 boc
1162 1903 1212 1976 ὰ
1235 1923 1425 1975 manu
1453 1923 1593 1971 mea
1632 1902 1881 1972 iterum
1917 1904 2056 1972 acci
2135 1924 2209 1974 re
2243 1898 2698 1989 munusculum·
2799 1900 3000 1975 Vobis
3045 1902 3199 1973 olim
3224 1898 3556 1995 conscripsi
3578 1944 3600 1971 ‚
3638 1922 3758 1970 vo-

1017 2007 1123 2083 bis
1157 2004 1331 2078 edidi
1365 2003 1436 2072 in
1470 1995 1834 2095 Symbolum
1870 2001 1985 2097 Ap
2077 2001 2311 2075 olicum
2346 2004 2900 2075 Exercitationes.
2952 2005 3184 2100 Atque
3221 1999 3352 2096 ipr
3370 1998 3552 2093 salio
3588 2022 3759 2070 com-

1013 2110 1167 2208 peri
1182 2150 1203 2179 2
1255 2124 1378 2175 non
1402 2097 1599 2194 fuiffe
1640 2104 1893 2175 inanem
1928 2102 2095 2176 hunc
2128 2126 2338 2188 meum
2371 2106 2440 2175 in
2482 2106 2766 2177 Domino
2804 2101 3110 2177 laborem.
3217 2105 3507 2175 Fuerunt
3537 2102 3712 2171 enim
3731 2146 3759 2186 ,

1019 2227 1219 2305 atque
1252 2205 1605 2276 etiamtum
1641 2199 1900 2284 exstant⁴
1917 2248 1939 2276 ‚
1976 2206 2095 2299 qui
2121 2201 2193 2293 se
2218 2228 2291 2277 eo
2321 2203 2799 2298 aliquantulum
2821 2204 3080 2299 adjutos
3103 2198 3295 2293 fuiffi
3322 2198 3755 2297 profitentur.

1019 2312 1103 2381 ad
1138 2304 1519 2402 explicanda
1535 2299 1716 2398 plebi
1750 2300 2117 2384 Christiana
2151 2308 2479 2400 praecipua
2517 2306 2856 2399 religionis
2900 2300 3116 2385 nostra
3160 2299 3459 2396 mysteria
3481 2356 3504 2383 ,
3556 2323 3757 2395 eaque

1015 2406 1395 2506 applicanda
1439 2405 1521 2474 ad
1549 2407 1839 2496 genuinae
1880 2407 2171 2476 virtutis
2216 2430 2292 2477 ac
2328 2405 2637 2499 generosa
2671 2409 2954 2503 pietatis
2989 2407 3404 2479 exercitium.
3510 2404 3757 2494 Neque

1016 2506 1323 2607 dtffimulo
1355 2556 1379 2584 ,
1419 2504 1490 2577 id
1528 2504 1694 2576 mihi
1728 2526 1961 2600 magna
1984 2497 2182 2597 fuiffit
2220 2505 2652 2595 consolationi.
2755 2510 2830 2580 Si
2858 2503 3189 2603 quisquam
3223 2504 3395 2576 alius
3418 2556 3442 2585 ,
3483 2499 3756 2591 conscius

1018 2611 1323 2685 mihimet
1360 2603 1494 2700 ipse
1520 2603 1663 2693 sum
1687 2658 1711 2686 ,
1744 2624 1979 2702 parum
2013 2609 2346 2681 admodum
2375 2603 2417 2678 ἆ
2445 2631 2544 2680 me
2573 2601 2902 2704 proficisci
2925 2655 2950 2693 ‚
2992 2628 3119 2703 quo
3160 2607 3301 2677 Dei
3339 2603 3563 2698 gloria
3596 2655 3621 2682 ,
3674 2603 3759 2674 (9·

1018 2731 1284 2805 regnum
1324 2701 1562 2788 christi
1595 2701 1990 2801 amplificari
2010 2706 2219 2802 poffit.
2325 2708 2577 2779 Idcirco
2613 2706 2850 2803 volupe
2881 2708 3047 2780 mihi
3095 2702 3181 2785 est
3214 2705 3378 2778 alios
3413 2705 3639 2777 videre
3665 2703 3761 2774 lo-

1023 2802 1492 2907 cupletioribus
1528 2801 1865 2889 insti-ullos
1905 2803 2088 2878 donis
2110 2854 2137 2892 ‚
2185 2808 2304 2902 qui
2339 2830 2581 2879 omnem
2605 2807 2785 2895 suam
2815 2826 3071 2903 operam
3111 2828 3334 2899 magno
3362 2829 3508 2876 cum
3532 2800 3758 2897 frudu

1024 2906 1405 3004 nobiliffi'mae
1448 2905 1549 2977 illi
1595 2909 1699 2978 rei
1737 2908 2128 3002 impendant.
2234 2909 2332 2980 Et
2375 2912 2630 3002 quoties
2659 2957 2681 2995 ,
2727 2908 2871 2981 illos
2908 2912 3084 2980 inter
3114 2961 3135 2990 ,
3185 2906 3509 2977 nonnullos
3545 2925 3756 2976 eorum
3881 2894 3890 2911 “

1029 3009 1427 3105 deprehendo
1449 3007 1589 3102 ,qui
1622 3029 1710 3078 ex
1742 3029 1885 3078 mea
1918 3008 2307 3102 prodierunt
2340 3007 2673 3103 disciplina
2694 3053 2715 3080 ε
2761 3012 2961 3081 toties
2999 3011 3084 3079 ad
3105 3008 3384 3101 agendas
3422 3008 3572 3078 Deo
3607 3025 3758 3096 gra-

1034 3114 1215 3190 tias,
1252 3127 1453 3204 atque
1489 3107 1572 3176 ad
1604 3105 1904 3198 insignem
1935 3110 2140 3179 animi
2180 3108 2482 3181 laetitiam
2506 3153 2528 3181 ‚
2567 3110 2787 3180 valide
2833 3105 3145 3203 impellor.
3247 3109 3498 3201 Neque
3523 3099 3754 3201 poffum

1036 3213 1197 3307 quin
1241 3231 1347 3279 eos
1381 3203 1757 3295 considerem
1792 3209 1901 3303 uti
1938 3203 2353 3295 subsidiarios
2388 3203 2774 3297 infirmitati
2823 3232 2972 3280 meae
3011 3211 3216 3278 datos.
3320 3211 3465 3303 Qo
3505 3210 3710 3277 animo
3727 3251 3748 3288 ‚

1038 3333 1166 3407 quo
1195 3306 1370 3397 florio
1392 3356 1417 3383 ,
1460 3326 1594 3399 qua
1623 3307 2023 3375 contentione
2049 3308 2298 3378 iterum
2323 3332 2442 3379 vos
2475 3311 2846 3401 iterumque
2880 3331 3162 3387 moneam
3181 3352 3202 3379 ‚
3240 3325 3320 3378 ut
3352 3302 3620 3387 coelestes
3649 3327 3754 3374 ve-

1037 3412 1282 3481 ritates
1301 3457 1324 3485 ‚
1365 3403 1399 3476 ὲ
1430 3401 1636 3491 sacris
1686 3403 1907 3476 literis
1937 3457 1961 3483 ,
2000 3423 2308 3502 tanquam
2341 3429 2429 3478 ex
2468 3411 2498 3478 i
2530 3405 2666 3497 sius
2706 3412 2848 3480 Dei
2882 3433 2993 3479 ore
3020 3459 3042 3492 ‚
3075 3407 3296 3496 sedulo
3327 3409 3582 3502 petatis
3607 3437 3633 3487 ;
3680 3419 3752 3473 ut

1037 3533 1148 3581 eas
1195 3510 1266 3576 in
1299 3506 1458 3595 puri
1498 3505 1709 3574 cordis
1739 3501 2028 3591 sacrario
2065 3505 2328 3595 solicite
2376 3532 2411 3577 c
2507 3510 2746 3579 odiatis
2787 3538 2813 3589 ,-
2865 3525 2948 3579 ut
2990 3510 3193 3578 menti
3247 3503 3573 3603 impreffas
3624 3522 3747 3576 toto

1035 3610 1197 3680 vitae
1232 3600 1453 3685 vestra
1487 3599 1786 3683 instituto
1820 3607 2265 3698 exprimatis;
2301 3626 2380 3679 ut
2407 3604 2803 3702 profhffionis
2832 3605 3050 3690 vestrae
3074 3631 3379 3679 memores
3401 3661 3423 3686 ‚
3462 3624 3750 3678 memores

1024 3705 1213 3803 spei,
1251 3722 1443 3800 quam
1478 3704 1555 3774 de
1592 3701 1782 3775 vobis
1811 3721 2118 3798 parentes
2156 3760 2180 3787 ,
2228 3729 2420 3800 quam
2450 3724 2872 3801 praeceptores
2905 3752 2926 3780 ‚
2973 3715 3165 3801 quam'
3205 3705 3444 3788 Christi
3491 3699 3747 3792 Ecclesia

1036 3808 1329 3901 concepit
1355 3855 1380 3883 ‚
1432 3805 1501 3874 in
1544 3802 1663 3874 hac
1699 3798 1833 3897 ipsa
1860 3803 2222 3897 juventute
2259 3802 2474 3886 vestra
2522 3808 2887 3882 Naziraeos
2930 3831 3051 3883 vos,
3086 3810 3364 3878 Domini
3399 3805 3700 3903 praestetis
3721 3852 3741 3878 ε

1038 3902 1083 3978 ὸ
1119 3905 1338 3977 mundi
1366 3905 1738 3996 contagione
1766 3901 2081 3994 fiejunffos
2099 3953 2123 3990 ‚
2153 3904 2647 4000 Janffiffimoque
2684 3909 2826 3979 Dei
2849 3903 3206 4002 ‘ministerio
3241 3902 3404 3988 caste
3439 3905 3743 3980 addiffos:

1039 4027 1244 4101 neque
1282 4007 1581 4096 ignorare
1614 4000 1884 4097 potestis
1911 4055 1934 4082 ,
1977 4028 2054 4075 ne
2101 4029 2182 4077 ue
2224 4002 2516 4094 inficiari-
2551 4027 2829 4102 unquam
2859 4010 3200 4100 poteritis.
3303 4005 3543 4090 Nostis
3567 4011 3745 4079 etiam

1042 4106 1350 4204 quomodo
1390 4125 1466 4173 ea
1500 4124 1693 4197 quam
1731 4100 1936 4189 lector
1974 4028 2366 4195 infqormandi
2417 4107 2594 4177 ratio
2637 4123 2784 4176 tota
2827 4107 2911 4176 ad
2953 4106 3118 4177 hunc
3153 4102 3356 4194 finem
3404 4125 3744 4203 comparata

1034 4203 1152 4300 fit.
1253 4206 1619 4297 Nunquam
1653 4204 1821 4274 enim
1865 4207 1936 4275 in
1980 4205 2382 4299 operosarum
2418 4201 3009 4299 sophisticationum
3057 4211 3278 4277 inanes
3302 4203 3700 4296 subtilitates
3722 4250 3746 4287 ‚

1044 4323 1168 4378 aut
1203 4305 1275 4375 in
1308 4301 1841 4390 contentiosarum
1875 4301 2379 4398 disputationum
2442 4307 2863 4377 acrimoniam
2903 4357 2928 4385 ,
2980 4324 3101 4377 aut
3155 4310 3224 4378 in
3273 4305 3459 4396 secus
3496 4306 3751 4396 sentien-

1051 4409 1223 4480 tium
1260 4405 1570 4499 praetumi
1572 4404 1716 4474 dam
1777 4408 2288 4496 exagitationem
2325 4449 2349 4487 ‚
2404 4420 2525 4475 aut
2565 4407 2636 4475 in
2673 4406 2985 4477 Fratrum
3053 4401 3097 4475 a*
3151 4407 3336 4478 nohis
3394 4413 3466 4481 in
3520 4400 3751 4492 diverfit

1049 4502 1428 4580 abeutttium
1460 4498 1749 4576 ludibria
1768 4553 1794 4585 ‚
1829 4522 1949 4577 aut
1984 4506 2054 4578 in
2079 4509 2497 4601 propriarum
2535 4506 2976 4580 inventionum
2993 4557 3018 4588 ,
3058 4526 3220 4602 quas
3247 4503 3395 4604 fere
3427 4508 3626 4581 nudas
3650 4497 3752 4593 effe
