4150 5150
524 456 570 536 8ss
998 425 1001 429 ⁵
1038 440 1241 519 Exercitatio
1291 443 1388 524 VII.

530 604 616 680 ditos
638 598 724 692 else,
746 623 826 698 quae
851 593 911 673 tali
937 615 1097 694 tantoque
1117 600 1207 674 Patri
1226 597 1375 675 debetur.
1427 597 1520 674 Fidei
1539 599 1630 676 enim
1649 599 1695 676 est
1710 628 1786 690 ,rex
1802 605 1875 681 onai

527 709 755 782 tentationum
773 703 861 777 lucta
876 699 1015 774 feliciter
1034 701 1170 774 tandem
1192 721 1293 798 eaput
1309 701 1529 791 exsertantis,
1554 707 1639 783 Deo
1660 706 1785 797 dicere,
1807 730 1875 784 certe

527 809 580 884 Tu
597 820 632 884 es'
654 817 758 882 Pater
775 802 888 885 noster.
915 801 978 898 Jes.
996 825 1130 878 axau:
1153 813 1211 878 16:

340 911 434 991 ¹.V¹¹¹·
453 914 510 993 Ψ·
556 911 659 985 &KV
668 911 684 982 l
695 911 711 982 l
722 907 748 980 Ι.
775 907 838 980 Sed
857 907 889 976 &
907 907 1084 978 chariratis
1104 903 1149 976 est
1167 930 1241 1001 erga
1254 907 1472 1009 proximum,
1491 931 1592 1002 quem
1610 906 1659 982 ita
1678 910 1819 982 emtione
1830 933 1878 983 no-

340 980 515 1100 ΨΜ
524 1013 588 1107 stra
598 1011 818 1090 includimus,
832 1007 883 1080 uti
892 1003 1037 1097 ejusdem
1048 1003 1219 1080 nobiscum
1226 1010 1341 1102 gratiae
1355 1022 1454 1105 atque
1469 1008 1681 1102 adoptionis,
1704 1012 1760 1083 vel
1775 1036 1806 1082 re
1816 1011 1879 1097 ,r'el

524 1113 592 1209 spe,
610 1109 805 1186 consortem.
838 1109 916 1181 Hoc
928 1106 1234 1204 quoquecxpriscae
1247 1109 1401 1185 Ecclesrae
1410 1110 1595 1183 israeliticae
1604 1109 1754 1185 scitisesi
1770 1113 1880 1207 Dequo

523 1217 598 1291 talis
624 1213 728 1288 exstat
748 1214 890 1285 Canon:
915 1215 1035 1272 ⁸7³²!
1051 1213 1127 1274 '71¹²
1133 1216 1260 1304 ἥψω
1274 1215 1363 1274 v'ltd
1371 1191 1475 1295 auvil
1489 1191 1627 1282 marl!
1648 1219 1797 1289 Orantem
1813 1237 1880 1310 qur·

522 1323 710 1413 tiescurrqrre
748 1335 821 1389 erar
853 1329 982 1408 oportet
1006 1311 1044 1401 se
1069 1311 1194 1410 semper
1213 1337 1286 1388 cunr
1320 1313 1466 1403 Ecclesia
1500 1315 1637 1403 faciae.
1705 1315 1879 1402 Quodam

513 1444 563 1505 <ca
579 1418 688 1492 solum
709 1433 820 1490 mente
840 1415 989 1499 dicitur,
1015 1409 1107 1508 quasi
1125 1411 1248 1486 necesse
1264 1409 1306 1486 fit
1330 1412 1483 1508 precibus
1501 1414 1640 1510 publicis
1660 1415 1698 1486 in
1724 1417 1880 1510 Synagoga

523 1517 695 1594 interesse:
715 1516 768 1590 sed
786 1534 827 1594 ut
842 1516 868 1588 is
887 1519 944 1610 qui
961 1534 1135 1609 precatur,
1151 1513 1345 1610 ubicunque
1358 1533 1518 1589 terrarum
1533 1516 1683 1611 politus,
1703 1515 1823 1589 etiamsi
1838 1515 1883 1588 val

523 1622 670 1695 maxime
691 1619 778 1692 solus
799 1616 863 1702 sn,
891 1614 1016 1710 semper
1040 1635 1190 1710 precetur
1212 1617 1248 1689 in
1267 1641 1410 1690 numero
1432 1618 1560 1710 plurali.
1614 1620 1669 1692 Sic
1687 1618 1777 1691 eninr
1795 1617 1883 1711 expli-

522 1742 579 1797 aar
595 1713 716 1818 glosa:
735 1725 834 1784 :ror
856 1701 946 1794 retr
963 1699 1054 1782 raia
1069 1721 1135 1781 ru
1152 1707 1247 1795 ova
1264 1701 1321 1800 r'a
1337 1696 1433 1782 earn
1449 1701 1494 1781 ‘n
1515 1723 1579 1792 ne
1595 1738 1669 1792 om
1686 1723 1763 1816 ques
1778 1721 1882 1791 aare

461 1903 468 1910 ,
521 1849 593 1898 nem
612 1823 763 1900 brevem,
781 1821 816 1892 id
835 1820 882 1893 est
895 1820 996 1892 aliam
1014 1819 1033 1890 ir
1055 1817 1146 1893 statis
1161 1814 1335 1914 precibus,
1350 1841 1482 1895 numero
1494 1819 1656 1919 fingularr'
1664 1868 1678 1906 ,
1693 1819 1753 1910 fed
1769 1841 1885 1894 marr

516 1919 661 2023 plurali.¹
686 1919 944 2014 Lichrfoorusjn
959 1922 992 1993 h.
1009 1921 1035 1994 l.

337 2036 405 2111 nx,
422 2033 463 2110 4¹¹
570 2025 684 2099 XIX.
712 2025 885 2097 Caeterum
898 2023 952 2094 lric
971 2017 1108 2116 disquiri
1124 2039 1292 2103 meretrua
1311 2019 1581 2116 quandoquidem
1601 2022 1747 2117 impium
1759 2021 1805 2095 est
1819 2020 1884 2094 Deo

335 2095 503 2219 ξξῖᾓιξῗ,
521 2125 557 2197 in
574 2124 736 2219 precibus,
746 2125 878 2198 mentiri
890 2173 902 2210 ,
912 2120 1090 2218 ‘nullaeque
1105 2149 1212 2218 precer
1219 2143 1362 2218 acceptae
1369 2124 1443 2196 Deo
1450 2122 1525 2196 sunt
1540 2121 1687 2218 niliquae
1698 2121 1812 2197 exfide
1818 2147 1886 2217 pro-

336 2235 413 2314 arene
430 2233 485 2312 ⁰1¹2
523 2221 712 2300 ficiscuntur
725 2253 735 2308 3
753 2249 797 2299 an
811 2225 938 2298 nemini
952 2222 1001 2296 fat
1018 2223 1135 2297 sithoc
1151 2225 1300 2298 oratione
1317 2225 1388 2310 uti,
1402 2227 1436 2297 dr
1451 2225 1564 2299 Deum
1579 2225 1710 2299 Panem
1726 2224 1820 2298 suum
1835 2247 1885 2317 ap-

336 2299 512 2435 ξζῗῗξξὲξ.
522 2328 665 2424 pellare3
686 2324 748 2400 nisr
769 2326 879 2422 qui&
900 2349 1016 2398 revera
1033 2323 1123 2399 filius
1141 2327 1208 2398 Dei
1224 2322 1273 2426 'fit
1296 2350 1356 2420 per
1374 2327 1658 2419 regenerationem
1678 2345 1780 2424 atque
1797 2325 1887 2418 adop-

335 2438 484 2555 pezanense
522 2431 673 2516 tionem,
692 2431 725 2502 ἃ
741 2424 872 2500 infimul
887 2428 928 2499 dc
947 2425 1008 2499 illa
1019 2424 1077 2500 sua
1093 2425 1339 2524 regeneratione
1356 2444 1455 2522 atque
1469 2427 1648 2524 adoptione
1663 2452 1725 2524 per
1739 2429 1891 2524 Spiritum

349 2515 386 2554 ⁸²
399 2507 491 2559 “¹²⁰³
522 2532 683 2607 Sentium
702 2527 840 2603 firmiter
860 2526 1040 2625 persuasus.
1248 2596 1252 2603 .
1413 2553 1417 2560 ·
1528 2580 1533 2583 -

568 2634 657 2707 XX.
684 2633 755 2727 Ego
773 2628 818 2703 fic
840 2632 1003 2705 existimo.
1031 2631 1060 2705 Ι.
1084 2629 1199 2703 Nemo
1212 2631 1265 2702 uti
1280 2654 1342 2725 par
1359 2632 1526 2706 estDeum
1539 2650 1637 2720 orat,
1654 2628 1888 2727 gratesquenu·

376 2810 380 2827 ,
518 2735 603 2811 mini
629 2758 739 2829 preces
755 2726 878 2816 offert,
907 2729 969 2803 nist
987 2732 1137 2826 quivere
1154 2728 1260 2803 fidelis
1283 2751 1384 2827 atque
1404 2730 1690 2809 sanatficarusest.
1719 2731 1889 2807 Illaeenim

518 2838 653 2911 demum
670 2854 780 2932 preces
797 2832 856 2907 suo
883 2830 959 2905 sunt
979 2832 1118 2905 nomine
1142 2830 1275 2930 dignae,
1294 2856 1372 2927 quae
1389 2858 1432 2907 ex
1458 2836 1584 2931 Spiritu
1599 2841 1740 2932 prestun
1763 2830 1887 2929 profici·

516 2936 663 3012 scantur.
715 2934 855 3032 Spiritus
864 2952 976 3007 autem
989 2958 1124 3029 precum
1140 2932 1188 3006 est
1208 2932 1349 3027 Spiritus
1361 2940 1618 3031 regenerationis
1631 2956 1732 3031 atque
1744 2936 1888 3031 adoptio·

497 3042 581 3125 vnis.
624 3037 724 3113 Unde
736 3036 967 3137 consequitur,
990 3036 1159 3109 neminem
1175 3034 1238 3108 rite
1251 3060 1365 3126 orare,
1387 3034 1451 3111 uili
1469 3040 1528 3134 qui
1536 3064 1649 3114 revera
1656 3036 1749 3111 filius
1768 3032 1886 3111 Dcisrt.
1959 3047 1960 3130 f

516 3140 593 3213 Gal.
608 3164 664 3214 rv.
680 3147 715 3213 6.
741 3142 1005 3237 Quandoquidem
1016 3156 1128 3211 autem
1144 3133 1292 3226 estisfilii
1300 3187 1314 3225 ,
1335 3138 1442 3233 errrr'fit
1454 3144 1550 3235 Derrr
1565 3143 1731 3241 Spiritum
1742 3141 1827 3214 filii
1837 3136 1887 3231 stri

514 3239 717 3314 tricordibus
745 3236 858 3321 vestris
878 3238 1070 3311 clamantem
1091 3235 1192 3312 Abba
1209 3242 1327 3317 Pater.
1495 3238 1500 3245 ’

565 3340 681 3413 XXI.
708 3340 753 3412 ll.
778 3337 868 3411 Fieri
886 3334 995 3431 potest
1005 3338 1057 3409 uti
1082 3337 1157 3432 quis
1167 3338 1334 3431 regenitus
1354 3338 1431 3414 &in
1443 3334 1552 3415 filimn
1566 3337 1632 3413 Dei
1649 3340 1827 3438 adoptatus
1836 3336 1885 3427 lit,
1959 3369 1960 3372 ¹

442 3455 446 3469 '
515 3440 574 3537 qui
593 3458 707 3515 tamen
724 3439 760 3513 id
782 3438 823 3511 ad
839 3456 971 3533 tempus
989 3438 1142 3533 ignoret:
1165 3440 1199 3512 u
1214 3439 1337 3514 indicia
1347 3440 1461 3535 gratiae
1470 3468 1541 3517 non
1552 3440 1629 3516 satis
1640 3441 1789 3518 dilucide
1811 3444 1846 3515 in
1857 3440 1885 3515 se

514 3540 784 3637 deprehendens,
801 3556 943 3613 autnon
960 3538 1038 3613 satis
1055 3540 1227 3635 diligenter
1250 3542 1440 3628 attendens,
1460 3536 1633 3619 irodrrrm
1657 3542 1754 3619 suam
1774 3549 1811 3618 in
1832 3546 1887 3618 du·

514 3640 613 3716 bium
627 3661 764 3722 revocet
770 3670 782 3725 t
807 3642 878 3715 imo
897 3666 998 3729 vero,
1022 3636 1050 3714 st
1069 3641 1188 3717 validis
1205 3642 1446 3718 tentationibus
1467 3663 1675 3739 exponatur,
1703 3670 1768 3722 aut
1778 3645 1807 3721 fi
1824 3644 1886 3720 fot.

513 3740 618 3831 taliis,
640 3744 677 3816 in
693 3742 815 3838 grande
826 3741 961 3837 aliquod
979 3760 1175 3838 peccatum,
1196 3759 1256 3815 aut
1271 3742 1392 3817 statum
1403 3745 1527 3818 animae
1539 3747 1759 3841 languentem
1775 3774 1814 3822 ac
1827 3767 1887 3821 tor·

513 3846 633 3941 pidum
647 3844 818 3931 inciderit,
837 3844 972 3919 inclinet
990 3844 1027 3915 in
1037 3844 1267 3932 contrarium,
1292 3843 1390 3941 seque
1406 3846 1517 3941 potius
1536 3848 1704 3922 existnnet
1730 3833 1807 3925 riou
1830 3844 1887 3923 elle

514 3944 623 4019 filium
634 3946 711 4018 Dei.
763 3944 862 4019 Oerte
876 3944 986 4040 quiin
1001 3970 1042 4019 eo
1062 3945 1259 4019 constitutus
1272 3946 1318 4020 est
1327 3947 1413 4020 statu
1431 3972 1505 4020 non
1512 3948 1619 4042 potest
1631 3953 1893 4047 cumplenaeer-¹

487 4076 489 4079 ·
515 4048 694 4121 tiaratione
708 4043 786 4121 fidei
804 4047 917 4121 Deum
928 4046 1059 4121 Patrem
1070 4044 1169 4120 suum
1181 4046 1297 4121 dicere.
1330 4048 1407 4138 ,Nec
1419 4049 1659 4125 tamenidciroo
1668 4048 1888 4147 jubendusesi
1959 4139 1960 4142 Ἴ

515 4148 561 4221 ab
579 4150 735 4241 oratione
753 4146 939 4231 abstinere;
959 4168 1039 4235 aut,
1054 4144 1082 4220 st
1097 4168 1189 4235 oret,
1208 4148 1324 4223 Deum
1340 4149 1463 4244 potius·
1475 4149 1543 4223 alio
1557 4154 1677 4245 quovis
1699 4178 1807 4249 quarn
1830 4154 1886 4225 Pa·
1958 4174 1960 4231 j

513 4252 571 4323 tris
596 4252 734 4324 nomine
752 4249 958 4345 compellare.
992 4250 1087 4323 Nam
1106 4254 1261 4344 quemvis
1271 4248 1426 4331 fidelibus
1434 4248 1591 4325 omuibus
1598 4252 1775 4329 incumbat
1789 4274 1832 4329 ut
1846 4251 1889 4325 ad

513 4348 791 4433 distinctiffimam
805 4348 882 4423 fidei
893 4352 1158 4425 certiorationem
1167 4352 1359 4435 enitantrur
1376 4378 1446 4426 non
1455 4370 1570 4425 tamen
1577 4372 1712 4450 propter
1723 4356 1886 4450 aliquem,
1959 4387 1960 4392 ¹

512 4454 582 4523 imo
602 4478 644 4525 ne
665 4453 801 4546 quidem
818 4453 952 4545 prepter
971 4470 1131 4547 magnum
1145 4452 1302 4536 luctantis
1324 4450 1403 4527 fidei
1425 4452 1609 4537 descitum,
1635 4458 1803 4531 continuo
1829 4480 1888 4529 eos

509 4548 635 4653 spernit
654 4554 763 4629 Deua·
806 4552 941 4633 Patrem
958 4552 1070 4636 dicam
1084 4554 1220 4653 Detur,
1246 4553 1397 4657 respectu
1406 4554 1595 4664 ingentium
1613 4582 1693 4660 quae
1706 4559 1888 4735 incongur-

1208 4688 1220 4711 ,5
1262 4702 1266 4707 .
1731 4682 1767 4737 m
1829 4677 1886 4735 m
