4150 5150
505 436 567 521 De
593 436 826 519 Adicenfione
851 437 982 521 Christi
1006 441 1046 519 in
1064 440 1209 521 coelum
1272 448 1279 454 '
1502 461 1582 540 πῃ

116 636 117 659 ι
193 547 286 659 qtiod
303 554 395 635 vidit
418 553 583 637 Ezechiel
596 561 634 638 iu
648 558 813 661 symbolo
821 562 928 656 gloria
945 566 1003 635 Dei
1031 562 1272 657 israeiistmtis
1290 556 1336 631 mi
1354 560 1462 653 ostium
1480 580 1578 653 porta

116 664 120 723 l
192 660 293 731 domm
305 658 431 751 Jetovae
444 662 599 733 orientalis
613 658 707 751 snper
731 660 913 733 cherubinis
922 660 1062 755 superne.
1086 660 1170 737 vers.
1194 686 1248 753 19.
1296 653 1380 735 Erat
1396 671 1469 735 tem
1494 659 1575 737 lum

115 748 118 841 Ξ
191 754 286 833 imm
313 759 352 831 in
368 771 466 855 parte
500 755 674 836 Orientali
699 758 823 847 urbis,
853 760 959 859 eique
985 758 1169 861 oppolltus
1198 770 1273 837 erat
1296 780 1402 833 mons
1428 683 1574 836 Ofiveti.

190 852 457 955 Consequeoter
483 856 521 931 id
538 857 639 957 quod
657 856 702 932 ad
726 856 856 936 ostium
902 870 987 935 ortae
1014 857 1207 937 Orientalis
1224 856 1349 955 templi
1372 870 1466 944 erat,
1494 882 1575 935 om·

115 1034 116 1039 x
190 956 285 1031 nium
305 954 570 1031 adventantium
581 882 947 1054 patebatconspegui.
996 954 1043 1034 Et
1053 970 1148 1033 certe
1160 956 1236 1035 huc
1246 956 1394 1051 duojun
1424 956 1575 1033 'debut-

188 1068 284 1131 mut:
300 1057 461 1151 ‘utgloria
481 1062 542 1127 Dei
559 1056 856 1145 coiocmeturfupra
867 1057 960 1141 culos,
979 1052 1026 1142 &⁹
1042 1082 1149 1129 nomen
1164 1060 1224 1149 ejas
1243 1065 1343 1150 ingens
1367 1082 1384 1126 e
1405 1074 1437 1127 et
1458 1063 1491 1127 in
1507 1075 1583 1129 tota·

177 1174 278 1241 rena,
291 1154 348 1229 uti
361 1153 477 1229 modo
492 1176 537 1229 ex
544 1151 593 1229 Pi.
610 1177 717 1229 vrit.
731 1174 763 1229 2.
783 1152 992 1230 audivimus.
1043 1155 1138 1248 Quae
1152 1157 1274 1230 omnia
1287 1176 1333 1229 eo
1347 1152 1574 1242 adduximus,

114 1258 115 1267 '
188 1266 222 1331 ut
233 1252 454 1329 doceremus
468 1274 544 1351 quo
554 1252 658 1350 patio
669 1249 890 1350 etiam'quoad
901 1260 1054 1326 Divinam
1064 1273 1209 1327 naturus
1221 1252 1379 1332 Christus
1390 1251 1460 1328 dici
1468 1264 1576 1351 queat

187 1348 407 1429 adstendille:
434 1352 604 1427 nimirum
622 1364 796 1451 quatenus
814 1347 1105 1433 Deitatemsuam
1123 1364 1225 1429 antea
1241 1350 1514 1428 demonstratam
1536 1354 1576 1427 in

186 1462 282 1539 terra,
295 1450 387 1527 dum
398 1447 559 1539 utililius
576 1448 734 1525 hominis
744 1452 836 1524 inter
852 1446 1019 1527 homines
1031 1449 1240 1540 versabatur,
1259 1473 1358 1527 nunc
1376 1446 1577 1548 gloriolilli·

186 1573 236 1629 ms
249 1548 430 1627 exseritin
442 1572 546 1627 carne
565 1547 661 1625 coelo
675 1546 778 1624 illata
1279 1603 1282 1609 .

223 1647 311 1727 Vll.
326 1648 493 1727 Attamen
508 1644 683 1737 adscenfio
698 1648 737 1723 in
746 1644 1067 1743 significationesua
1079 1646 1235 1745 propria,
1244 1659 1355 1743 prout
1366 1658 1510 1723 motmu
1521 1644 1577 1721 lo-

184 1748 294 1827 calem
305 1760 420 1835 notat,
432 1746 626 1824 solinum
639 1749 778 1819 henim
792 1746 986 1842 competit:
1011 1745 1207 1844 &quidem
1219 1747 1433 1821 nominatim
1447 1752 1572 1837 canori

186 1852 324 1941 Corpori
337 1849 433 1923 enim
441 1844 569 1923 Christi
581 1844 690 1921 illatio
703 1846 740 1920 i'n
752 1844 888 1930 nelos,
908 1843 1031 1919 definit
1042 1869 1084 1919 ac
1095 1844 1258 1920 discernit
1271 1864 1351 1921 eam
1364 1844 1410 1921 de
1421 1868 1491 1944 qua
1501 1844 1578 1939 agi·

182 1966 259 2025 mus
279 1940 546 2023 adscensionem
566 1945 610 2021 ab
630 1951 763 2027 tramam
781 1950 889 2016 mima
912 1941 1041 2019 Christi
1065 1942 1225 2040 separatu
1245 1944 1283 2017 in
1301 1943 1458 2032 coelum,
1478 1956 1578 2019 ante·

183 2043 292 2144 greila
305 2042 597 2123 resurreitionem
611 2066 657 2118 ex
674 2044 836 2117 mortuis.
886 2037 1136 2142 illaquaetus
1151 2043 1260 2128 beata,
1282 2041 1438 2139 gloriola
1453 2054 1600 2121 tamen·

181 2168 254 2227 nou
268 2143 449 2317 oensettlu:
475 2144 560 2243 quia'
571 2138 939 2239 conjunitaeratcum
953 2138 1176 2219 desceniione
1189 2140 1428 2237 ignominiosa
1445 2162 1578 2239 corpo-

181 2243 682 2425 mvlffilsepgifflnffMPUS
701 2314 942 2435 ladlc'eniionis
974 2335 1243 2415 observandum.
1294 2334 1322 2414 Ι.
1347 2338 1464 2434 Quod
1490 2335 1578 2414 futla
1592 2374 1754 2439 oum
1844 2434 1847 2439 ,

111 2518 113 2527 ,
178 2440 288 2521 fuerit
303 2438 783 2542 quadrigefimonresurretiime
801 2437 860 2511 die.
911 2434 984 2514 A&
1005 2461 1059 2511 tt.
1085 2460 1116 2528 3.
1165 2436 1209 2516 Π.
1236 2438 1409 2529 tapsehom
1427 2461 1497 2538 qua
1515 2461 1634 2513 estne·
1652 2454 1718 2506 cnm

111 2534 113 2545 ’
179 2546 287 2620 mitet·
303 2566 376 2617 cnm
386 2541 538 2634 discipuli
548 2536 741 2637 loquebatur,
760 2536 901 2636 jamque
913 2538 951 2611 in
963 2558 1008 2612 eo
1021 2549 1095 2611 erat
1117 2548 1159 2613 ut
1181 2544 1219 2613 iis
1242 2537 1436 2614 bmucmr.
1487 2533 1574 2616 Luc
1590 2523 1747 2645 ‘sffi’ffi‘f‘
1831 2586 1835 2597 ·

179 2664 430 2735 xxiv.5o.51.
481 2635 659 2716 Neutrum
673 2633 786 2712 sterile
804 2634 1127 2735 mytertommen
1725 2631 1732 2646 '

111 2813 112 2818 ,
196 2753 207 2758 ”
223 2739 298 2820 ΙΧ.
326 2736 536 2838 Saepiutcule
547 2736 581 2812 se
594 2737 662 2813 suis
674 2734 874 2812 redivivum
887 2733 1009 2820 listere,
1024 2732 1216 2833 &prolixo
1241 2732 1319 2810 satis
1332 2743 1500 2833 tempore
1524 2733 1578 2810 iii·
1591 2773 1657 2836 ouae
1672 2773 1763 2828 mss*

180 2863 264 2917 cum
280 2838 479 2917 conversari
496 2833 679 2912 Dominus
690 2831 817 2922 voluit,
828 2842 870 2910 ut
887 2832 1149 2912 resurreliionis
1162 2831 1229 2909 suae
1240 2836 1428 2909 veritatem·
1446 2833 1576 2914 confir·
1590 2838 1628 2890 ὰ
1641 2838 1672 2890 ⁶³
1685 2859 1748 2910 sua-

177 2942 374 3016 mationem
391 2941 434 3014 iis
444 2937 590 3022 moeret,
636 2935 745 3031 uippe
762 2934 975 3028 cujustestes
988 2931 1365 3031 praemnesquefnturi
1387 2947 1486 3008 erant
1511 2957 1576 3032 per
1589 2906 1763 3032 ἷζῇξζῗὲᾗ·
1818 3004 1823 3023 ,
1958 2930 1964 2967 ¹

111 3131 113 3136 Ι
178 3051 301 3116 totum
320 3037 448 3115 orbem
464 2956 715 3123 habitabilem
738 3043 844 3131 atque
858 3032 903 3109 de
926 3033 1097 3134 mysteriis
1121 3032 1226 3128 regni
1248 3032 1411 3108 coelestis
1429 3033 1575 3110 uberius
1589 3060 1622 3101 ae
1644 3045 1695 3102 ue.

179 3161 242 3216 eos
254 3138 453 3214 instrueret
481 3129 731 3235 Qamagefimu
743 3145 862 3208 autem
876 3131 1015 3230 praeciie
1029 3131 1105 3206 dies
1116 3153 1194 3207 non
1205 3132 1576 3210 inconcinneconten-
1619 3160 1625 3166 ·

179 3237 276 3316 ditur
291 3259 379 3314 cum
397 3249 562 3332 tempore
574 3229 909 3331 praesentationisiui
920 3228 1114 3329 intemplo.
1142 3229 1467 3324 Quemadmodum
1475 3234 1575 3312 enim

177 3335 439 3438 quadragsimae
454 3341 622 3407 nativitate
632 3331 850 3428 dieparentes
873 3353 959 3407 eum
976 3328 1261 3426 Hierosolymam
1283 3328 1474 3418 uddulium
1492 3328 1575 3408 Do·
1610 3423 1620 3434 ,

176 3439 283 3513 mino
302 3437 341 3510 in
353 3434 445 3512 saera
461 3430 535 3510 aede
548 3431 716 3508 stiterunt.
766 3425 851 3505 Luo
872 3453 925 3506 11.
940 3451 1000 3507 22.
1016 3428 1190 3506 coicum.
1239 3425 1352 3507 Levit.
1368 3446 1452 3504 xii.
1465 3442 1573 3524 246.

176 3533 277 3614 ltu&
288 3533 517 3636 quadragesim
529 3561 549 3604 a
560 3531 781 3620 refrenemur,
793 3526 985 3626 quaealtera
999 3527 1093 3701 ituafi
1104 3521 1265 3603 nativitas
1282 3527 1342 3614 est,
1357 3528 1415 3602 die
1434 3529 1472 3601 in
1484 3541 1577 3606 tem·
1596 3607 1600 3622 ‚

174 3635 265 3735 plo,
283 3637 498 3716 intimatas,
520 3630 564 3705 ad
580 3627 720 3713 Patrem
728 3625 906 3703 coelestem
920 3651 1001 3702 acce
1028 3641 1064 3703 it
1114 3625 1263 3703 Accedit
1273 3625 1375 3726 quod
1387 3629 1426 3701 io
1437 3629 1575 3718 Mose&

174 3737 260 3821 Elia,
277 3729 343 3832 qui
355 3728 505 3805 comites
514 3729 547 3804 ei
558 3725 742 3828 quondam
757 3729 795 3800 in
813 3723 909 3802 sacro
920 3739 1045 3802 monte
1057 3725 1229 3813 adstitere,
1240 3725 1492 3804 idem-dierum
1505 3751 1574 3804 nu-

174 3823 535 3910 merusconsecratus
547 3825 596 3902 sn.
624 3827 725 3916 Moses
737 3825 1163 3924 enimqmdragmta·diebm
1184 3821 1257 3900 fine
1277 3827 1359 3901 cibo
1382 3849 1466 3902 cum
1487 3823 1574 3902 Deo

174 3926 417 4014 conversatam,
431 3927 557 4003 &non
571 3921 941 4002 solumnonenerlam
954 3926 1067 4001 macie
1078 3926 1241 4023 corporis
1254 3923 1574 4012 habitudinem3sed

111 4075 114 4084 ·
171 4031 322 4109 insolito
331 4023 474 4124 prorsus
486 4025 630 4112 decore,
652 4027 715 4140 qui
729 4021 1002 4120 adipeliantium
1022 4023 1149 4101 oculos
1173 4023 1327 4122 praestrin
1356 4037 1442 4110 etet,
1461 4023 1577 4125 [plen-

121 4153 133 4164 ·
172 4131 327 4222 dentem
343 4123 428 4200 inde
446 4139 641 4224 reportans,
651 4119 765 4200 mod.
773 4145 906 4198 xxxiv.
916 4137 981 4210 28.
996 4145 1054 4215 29.
1073 4123 1175 4199 instar
1185 4049 1497 4223 aliquodfftraelms
1513 4149 1577 4202 ex·

170 4229 294 4308 hibuit
311 4226 476 4323 corporis
493 4223 707 4322 glorificati,
726 4223 764 4298 in
779 4234 869 4297 terra
888 4235 1009 4298 tamen
1026 4221 1195 4301 mallenus
1211 4227 1479 4300 commorantis
1529 4220 1575 4301 Et

171 4319 269 4408 licu't
285 4329 394 4408 Elias,
419 4346 440 4397 e
464 4323 606 4402 sommo
626 4321 960 4407 excitatus‚,virtute
975 4325 1046 4399 cibi
1070 4323 1115 4398 ab
1133 4322 1276 4420 Angelo
1289 4321 1352 4398 fibi
1369 4323 1471 4409 allati
1495 4351 1576 4424 qua-

169 4431 323 4525 draginta
343 4423 472 4496 *diuum
482 4425 550 4500 iter
561 4445 625 4524 per
638 4421 812 4498 desertum
830 4421 1000 4510 absolvit,
1028 4423 1148 4500 donec
1168 4422 1378 4522 perveniffet
1398 4421 1450 4499 ad·
1469 4445 1577 4497 mon,

167 4541 252 4608 tem
267 4525 347 4609 Dei
373 4518 563 4602 Horebum
574 4549 590 4632 3ι
612 4521 737 4603 Deum
751 4517 879 4700 iilifflin
900 4520 1065 4620 symbolo
1088 4522 1236 4612 risurus,
1252 4537 1360 4624 atque
1379 4519 1574 4698 auditrlrzrus

188 4651 193 4656 ·
855 4643 940 4714 ¹1¹³
1194 4712 1198 4719 ff
1448 4643 1490 4729 1N
1518 4641 1576 4719 eg.
