4150 5150
585 515 588 534 .
645 467 701 544 De
725 465 889 546 Oratione
915 465 1108 546 nonanta.
1526 494 1573 571 73

200 623 281 700 illud
303 619 560 713 omittendum,
584 621 678 700 misse
702 625 866 700 nonnulla
885 623 971 700 sacra
992 623 1175 700 illiusmodi
1192 627 1319 702 motion
1337 650 1415 724 quae
1440 623 1575 724 stupuit

200 725 365 802 sabbathis
382 727 550 802 recitanda
567 745 670 802 mant,
710 727 814 817 Quod
826 729 868 800 de
886 726 934 802 Ps.
949 749 1043 802 xc11.
1062 727 1152 800 illius
1170 727 1338 824 inscriptio
1353 730 1459 803 docet.

109 877 112 884 ,
176 911 179 918 ,
247 829 414 904 XVIII.
440 830 517 926 Jam
534 825 680 902 obtestor
697 830 870 924 quemvis,
891 828 948 926 qui
966 830 1118 902 animum·
1135 830 1332 923 praejudiciis
1351 856 1495 904 vacuum
1511 831 1570 903 lra-
1581 860 1749 930 xeer
1872 873 1877 878 ·

200 928 283 1018 bu,
310 953 423 1003 annon
441 929 512 1002 illae
531 955 608 1024 quae
625 929 727 1007 modo
749 929 899 1002 adversus
922 931 1080 1002 orationis
1097 931 1291 1003 Dominicae
1314 929 1411 1005 mum
1428 933 1570 1026 prolatae
1583 923 1675 975 restem
1687 941 1742 1042 ijs

107 1081 108 1084 =
200 1031 276 1105 sarit
291 1033 516 1124 argutationes
535 1055 631 1126 aeque
647 1031 772 1104 validae
788 1028 854 1104 lint
867 1027 1188 1104 adverstsformutas
1203 1031 1357 1106 Israelitis
1368 1035 1452 1106 olim
1465 1035 1570 1114 iDeo
1583 1004 1760 1116 siluistis]

200 1129 431 1229 praescriptas?
451 1131 602 1205 Licrritrre
620 1149 700 1205 tuac
719 1134 793 1206 Deo
809 1157 1004 1226 opponere,
1025 1133 1138 1206 motus
1154 1135 1312 1228 aSpiritu
1326 1136 1440 1229 gratiae
1456 1139 1571 1228 &pre
1584 1122 1752 1206 quassaretur

201 1259 279 1308 cum
304 1233 466 1329 professos
491 1257 660 1328 perperam
679 1233 823 1328 angustis
839 1232 1060 1306 formularum
1079 1236 1229 1322 cancellis
1249 1235 1429 1310 cohiberi?
1454 1235 1574 1308 Discri-
1585 1201 1739 1314 ἓξὲξ.

201 1362 281 1410 men
296 1333 355 1408 else
374 1361 416 1406 ne
428 1334 616 1406 idololatria
629 1336 714 1408 circa
732 1332 834 1408 verba
848 1333 892 1406 fic
912 1333 1047 1428 publice
1065 1336 1246 1408 identidem
1267 1339 1401 1410 recitata
1421 1338 1579 1410 commit·

175 1451 181 1460 “
202 1455 315 1511 tatur:
335 1434 449 1508 saltem
464 1433 681 1530 battologiam
698 1461 770 1508 non
787 1434 892 1508 abesse
913 1459 931 1506 a
953 1435 1065 1508 crebra
1083 1439 1262 1529 eorundem
1279 1439 1496 1530 repetitione:
1522 1463 1580 1512 ne-

203 1563 270 1635 que
291 1537 454 1610 contineri
470 1537 509 1608 iis
521 1536 680 1630 quidquid
696 1537 753 1632 pia
766 1559 860 1610 mens
872 1534 1009 1608 subinde
1024 1561 1188 1632 exponere
1206 1539 1302 1631 gestit
1316 1541 1391 1611 Deo
1406 1569 1417 1620 3
1439 1531 1585 1634 denique

202 1665 276 1716 non
293 1639 473 1712 convenire
488 1662 543 1709 eas
559 1637 720 1734 fonnulas
729 1636 886 1711 omnibus
906 1639 1062 1742 ornnium
1084 1638 1330 1736 conditionibus
1347 1657 1407 1712 aut
1424 1639 1584 1713 statibus:

146 1805 150 1812 .
203 1739 440 1834 consequenter
459 1737 559 1812 satius
580 1737 640 1812 else
660 1757 700 1810 ut
723 1737 869 1834 sepofitis
892 1737 1052 1834 omnibus
1075 1740 1140 1812 istis
1162 1739 1341 1825 formulis,
1367 1740 1501 1836 quisque
1521 1767 1583 1835 pro

205 1843 350 1939 Spiritus
371 1837 434 1914 fibi
460 1839 583 1921 malalai
608 1840 761 1912 rnensura
783 1839 850 1934 ipse
874 1865 1005 1934 preces,
1029 1839 1264 1928 confessiones,
1291 1843 1468 1936 gratiarum
1482 1844 1584 1915 actio-

204 1971 264 2022 nes
281 1941 424 2028 foraret,
443 1939 563 2036 quibas
580 1942 691 2013 multo
711 1939 844 2014 liberius
867 1967 903 2014 ac
928 1941 1134 2036 generosius,
1152 1940 1221 2016 stne
1240 1941 1308 2015 ulla
1332 1944 1473 2038 Spiritus
1495 1944 1533 2014 in
1553 1941 1586 2014 se

107 2133 108 2140 ἵ
205 2045 374 2142 operantis
389 2043 604 2138 praejudicio,
624 2044 767 2138 cogitata
784 2039 888 2114 animi
907 2041 954 2114 sui
972 2043 1047 2115 Deo
1059 2061 1223 2138 exponat.
1251 2045 1286 2117 Si
1303 2045 1350 2116 ita
1367 2046 1442 2117 Deo
1453 2043 1585 2137 respon·
1711 2067 1726 2086 ⁸

204 2147 278 2221 sare
300 2143 451 2218 Israelitis
473 2169 542 2217 non
566 2143 683 2231 licuit,
707 2169 765 2216 cur
784 2143 881 2216 nobis
902 2144 1002 2218 hodie
1028 2144 1136 2217 licet?
1161 2145 1195 2218 Si
1216 2143 1338 2218 validae
1355 2142 1420 2218 sant
1441 2145 1587 2217 rationes

205 2249 281 2322 istae
304 2263 419 2320 contm
443 2243 623 2318 formulam
645 2243 804 2318 orationis*
832 2245 1052 2332 Dominicae,
1082 2245 1141 2340 qui
1160 2243 1202 2317 lit
1224 2264 1263 2318 ut
1283 2245 1407 2318 validae
1430 2273 1502 2319 non
1521 2243 1586 2318 fint

206 2347 363 2424 adversm
377 2345 493 2442 priscas
506 2345 692 2419 formulas?
705 2343 813 2420 Autsr
829 2345 983 2420 adversus
1003 2347 1060 2418 has
1079 2339 1163 2420 nihil
1176 2340 1332 2434 valeant,
1352 2348 1432 2441 quid
1448 2348 1586 2423 demum
1687 2379 1692 2387 ·

159 2533 162 2540 ,
206 2451 259 2526 est
277 2451 370 2545 quod
384 2447 576 2542 persuadere
596 2445 693 2520 nobis
711 2445 829 2519 debeat
845 2470 964 2520 eorum
982 2448 1131 2520 valorem
1151 2447 1304 2520 adversus
1327 2447 1448 2520 illam?
1467 2449 1586 2520 Solane
1650 2463 1657 2471 '

205 2572 401 2649 temporum
420 2553 453 2625 de
474 2551 760 2623 Oeconomiarum
775 2541 961 2623 differentia
976 2546 1161 2621 rationibus
1180 2548 1329 2623 valorem
1346 2550 1437 2623 addit
1455 2570 1513 2623 aut
1527 2544 1587 2621 de-

207 2656 277 2730 mit
298 2656 334 2726 in
352 2679 410 2739 re,
429 2676 506 2747 quta
523 2650 565 2723 ad
586 2648 783 2724 rationalem
796 2651 862 2722 Dei
875 2650 1001 2723 cultum
1014 2651 1208 2745 pertinens,
1226 2652 1311 2724 nulli
1323 2670 1511 2745 temporum
1529 2668 1596 2722 arat.

208 2754 501 2831 Oeconomiarum
528 2748 707 2829 diversitati
733 2751 882 2827 obnoxia
906 2751 978 2826 est:
1002 2752 1108 2848 qualis
1134 2750 1181 2823 est
1198 2751 1334 2826 devotio
1358 2751 1543 2848 spiritualis
1551 2753 1589 2825 ia

175 2892 179 2899 ·
207 2855 432 2955 precatione?
452 2932 460 2941 ,
1279 2850 1283 2858 ’

212 3014 215 3019 ·
264 2958 382 3034 XIX.
410 2957 503 3032 Adde
520 2958 552 3031 ἃ
570 2958 655 3030 hanc
672 2954 947 3031 observationem.
989 2954 1193 3031 Psalmorurn
1208 2954 1307 3029 usum
1324 2956 1360 3027 in
1375 2954 1586 3030 decantandis
1598 2978 1662 3028 rix.
1677 2974 1720 3026 ua
1732 2974 1760 3029 tr

208 3060 352 3136 Divinis
362 3057 526 3132 -latadibus
544 3056 899 3132 commendatissimum
915 3056 978 3130 fibi
993 3056 1144 3130 universa
1163 3054 1305 3132 Ecclesia
1322 3058 1509 3130 Christiana
1529 3042 1757 3165 haffl'ffl'

210 3160 286 3235 bet.
314 3214 316 3218 -
331 3162 367 3234 N
370 3162 429 3233 ihil
451 3182 563 3233 atatem
582 3160 755 3234 Orationis
771 3159 963 3263 Donainiaoe
979 3160 1166 3231 recitationi
1184 3159 1384 3254 opponitur,
1409 3158 1500 3253 quod
1518 3182 1588 3233 non
1687 3145 1696 3162 ⁶

209 3262 355 3359 perinde
380 3260 532 3334 adversus
553 3259 717 3333 sacrorum
736 3262 919 3365 carminum
944 3278 1079 3333 cannam
1096 3262 1217 3333 valeat.
1252 3262 1287 3334 Si
1307 3256 1396 3333 nesae
1418 3258 1458 3332 sit
1480 3257 1592 3333 verbis

183 3390 188 3394 ·
211 3364 379 3439 orationis
405 3361 570 3449 insistere,
593 3363 652 3457 qui
671 3360 721 3439 sas
741 3362 788 3436 est
806 3360 926 3435 Psalmi
949 3361 1054 3437 verba
1075 3363 1216 3437 strictim
1233 3358 1406 3435 retinere?
1432 3359 1591 3437 Minusoe

212 3465 455 3559 constringitur
473 3462 601 3559 spiritus
622 3460 707 3536 fiad
730 3464 850 3537 cantici
867 3480 937 3536 arte
953 3461 1149 3558 compositas
1167 3463 1266 3535 lexeis
1286 3462 1317 3535 se
1335 3454 1592 3549 accommodet,
1685 3510 1693 3530 .

212 3592 324 3667 quam
345 3563 369 3637 fi
384 3562 616 3660 simpliciorem
632 3566 735 3659 precis
751 3563 935 3638 sermonem
953 3562 1125 3637 fodietur?
1150 3566 1221 3653 Qui
1242 3562 1283 3635 sit
1300 3580 1338 3636 ut
1357 3561 1459 3637 verba
1477 3565 1599 3637 oratio-

111 3722 112 3727 η
214 3670 273 3746 nis
292 3667 412 3740 inentis
429 3666 648 3739 attentionem
669 3664 832 3753 turbent,
855 3664 973 3737 Psalmi
991 3664 1096 3739 verba
1112 3691 1184 3738 non
1199 3662 1316 3738 item?
1347 3664 1506 3738 Minusne
1526 3665 1600 3738 ido·

133 3824 140 3831 -
219 3768 369 3845 lolatriae
392 3766 576 3862 periculum
597 3766 644 3841 est
660 3767 743 3839 eirca
761 3766 879 3841 Psalmi
902 3766 1043 3857 alicujus
1061 3766 1248 3860 elegantem
1269 3784 1368 3861 atque
1385 3760 1600 3839 affettuosam

215 3868 570 3971 grandiloquentiarn,
594 3892 671 3963 quac
685 3892 777 3941 ames
791 3869 1007 3964 animumque
1029 3866 1213 3941 incredibili
1233 3865 1393 3942 blanditie
1408 3868 1573 3940 demulcet
1586 3894 1598 3949 t

219 3996 326 4069 quam
344 3972 430 4043 circa
452 3970 675 4064 precationem
697 3970 789 4064 cujus
810 3968 914 4042 sermo
935 3969 1002 4043 sola
1021 3968 1054 4045 se
1075 3969 1247 4064 incompta
1265 3967 1464 4045 castitate&
1484 3970 1599 4042 nativa

218 4070 651 4151 munditie'commendat?
669 4069 739 4143 Ubi
756 4072 936 4144 earundem
956 4074 989 4144 &
1006 4096 1117 4144 rerum
1137 4074 1171 4145 de
1190 4068 1372 4144 verborum
1391 4070 1603 4165 repetitiones
1729 4157 1744 4167 ‚

221 4172 374 4251 crebrius
388 4194 489 4267 quam
511 4174 550 4245 in
574 4170 707 4245 Psalmis
726 4170 933 4246 occurrunt?
959 4196 1039 4267 quas
1055 4172 1249 4267 Battalogiae
1261 4174 1412 4246 convitio
1430 4168 1603 4258 infamare,

221 4274 391 4351 horrenda
410 4271 486 4347 ell'et
499 4270 679 4367 profanitas
696 4275 729 4345 &
744 4298 823 4346 vcra
838 4272 1050 4368 blasphemia
1076 4276 1201 4348 Annon
1218 4274 1317 4347 multi
1335 4299 1356 4345 a
1372 4271 1471 4347 nobis
1483 4272 1604 4345 Psalmi

221 4374 387 4453 Davidici
402 4392 601 4461 cantantur,
622 4372 738 4448 nostris
754 4374 960 4471 temporibus
975 4374 1136 4470 rebusque
1151 4376 1259 4449 multo
1279 4376 1390 4449 tnintrs
1403 4374 1603 4447 convenien-
1701 4462 1709 4481 ‚

225 4498 302 4554 tes,
320 4500 427 4572 vquarn
448 4500 582 4573 eaquae
601 4478 639 4549 in
657 4476 820 4550 Oratione
839 4476 1019 4549 Dominica
1037 4476 1194 4552 exstant?
1220 4473 1419 4573 Deniquesi
1436 4475 1478 4547 ad
1497 4472 1605 4547 aeaifi„
1720 4467 1730 4479 “

225 4582 398 4657 &donem
419 4596 519 4673 atque
544 4577 780 4665 excitationem
802 4578 993 4656 animorum
1012 4576 1201 4661 nostrorum
1220 4576 1397 4668 inserviat,
1418 4579 1470 4651 uti
1493 4600 1606 4650 revera

208 4678 210 4683 ’
384 4684 477 4763 orae.
499 4682 605 4765 Dant,
722 4746 727 4769 ,
983 4679 1016 4759 Κ
1455 4674 1608 4767 inservit,
