<?xml version="1.0" encoding="UTF-8"?>
<!DOCTYPE html PUBLIC "-//W3C//DTD XHTML 1.0 Transitional//EN"
    "http://www.w3.org/TR/xhtml1/DTD/xhtml1-transitional.dtd">
<html xmlns="http://www.w3.org/1999/xhtml" xml:lang="en" lang="en">
 <head>
  <title>
</title>
<meta http-equiv="Content-Type" content="text/html;charset=utf-8" />
  <meta name='ocr-system' content='tesseract 3.04.00' />
  <meta name='ocr-capabilities' content='ocr_page ocr_carea ocr_par ocr_line ocrx_word'/>
</head>
<body>
  <div class='ocr_page' id='page_1' title='image "./hermanniwitsiie00witsgoog_0531.png"; bbox 0 0 4150 5150; ppageno 0'>
   <div class='ocr_carea' id='block_1_1' title="bbox 401 441 1359 540">
    <p class='ocr_par' dir='ltr' id='par_1_1' title="bbox 401 441 1359 540">
     <span class='ocr_line' id='line_1_1' title="bbox 401 441 1359 540; baseline 0.001 -17"><span class='ocrx_word' id='word_1_1' title='bbox 401 441 405 448; x_wconf 69' lang='grc'><em>’</em></span> <span class='ocrx_word' id='word_1_2' title='bbox 484 467 563 540; x_wconf 71' lang='grc' dir='ltr'>ιρο</span> <span class='ocrx_word' id='word_1_3' title='bbox 965 443 1179 522; x_wconf 72' lang='lat' dir='ltr'><strong>Exercitatio.</strong></span> <span class='ocrx_word' id='word_1_4' title='bbox 1231 443 1359 524; x_wconf 78' lang='lat' dir='ltr'>vm</span> 
     </span>
    </p>
   </div>
   <div class='ocr_carea' id='block_1_2' title="bbox 247 585 1970 3013">
    <p class='ocr_par' dir='ltr' id='par_1_2' title="bbox 479 585 1856 890">
     <span class='ocr_line' id='line_1_2' title="bbox 479 585 1852 701; baseline -0.001 -31"><span class='ocrx_word' id='word_1_5' title='bbox 479 597 635 670; x_wconf 82' lang='lat' dir='ltr'>vinarurn</span> <span class='ocrx_word' id='word_1_6' title='bbox 651 592 814 667; x_wconf 77' lang='lat' dir='ltr'>vimumrn</span> <span class='ocrx_word' id='word_1_7' title='bbox 837 588 1072 663; x_wconf 87' lang='lat' dir='ltr'>demonstratio</span> <span class='ocrx_word' id='word_1_8' title='bbox 1096 591 1154 666; x_wconf 87' lang='lat' dir='ltr'>est.</span> <span class='ocrx_word' id='word_1_9' title='bbox 1204 591 1258 666; x_wconf 92' lang='lat' dir='ltr'>Ibi</span> <span class='ocrx_word' id='word_1_10' title='bbox 1280 585 1557 701; x_wconf 62' lang='grc' dir='ltr'>φιλανθρωπία,</span> <span class='ocrx_word' id='word_1_11' title='bbox 1579 591 1648 668; x_wconf 77' lang='lat' dir='ltr'>sive</span> <span class='ocrx_word' id='word_1_12' title='bbox 1666 595 1773 691; x_wconf 75' lang='lat' dir='ltr'>pietas</span> <span class='ocrx_word' id='word_1_13' title='bbox 1791 616 1852 689; x_wconf 78' lang='lat' dir='ltr'>erga</span> 
     </span>
     <span class='ocr_line' id='line_1_3' title="bbox 484 690 1854 794; baseline -0.001 -24"><span class='ocrx_word' id='word_1_14' title='bbox 484 719 589 794; x_wconf 86' lang='lat' dir='ltr'>genus</span> <span class='ocrx_word' id='word_1_15' title='bbox 608 700 820 778; x_wconf 86' lang='lat' dir='ltr'>hmnauum,</span> <span class='ocrx_word' id='word_1_16' title='bbox 838 690 885 763; x_wconf 93' lang='lat' dir='ltr'>ibi</span> <span class='ocrx_word' id='word_1_17' title='bbox 902 690 1082 786; x_wconf 85' lang='lat' dir='ltr'>sapientia,</span> <span class='ocrx_word' id='word_1_18' title='bbox 1102 695 1299 782; x_wconf 85' lang='lat' dir='ltr'>clementia,</span> <span class='ocrx_word' id='word_1_19' title='bbox 1318 698 1493 788; x_wconf 82' lang='lat' dir='ltr'>potentia,</span> <span class='ocrx_word' id='word_1_20' title='bbox 1512 699 1654 782; x_wconf 79' lang='lat' dir='ltr'>veritas,</span> <span class='ocrx_word' id='word_1_21' title='bbox 1670 697 1813 791; x_wconf 87' lang='lat' dir='ltr'>justitia,</span> <span class='ocrx_word' id='word_1_22' title='bbox 1829 698 1854 768; x_wconf 72' lang='lat' dir='ltr'>e</span> 
     </span>
     <span class='ocr_line' id='line_1_4' title="bbox 483 793 1856 890; baseline -0.005 -18"><span class='ocrx_word' id='word_1_23' title='bbox 483 800 686 874; x_wconf 87' lang='lat' dir='ltr'>nominatim</span> <span class='ocrx_word' id='word_1_24' title='bbox 706 821 767 882; x_wconf 88' lang='lat' dir='ltr'>ea,</span> <span class='ocrx_word' id='word_1_25' title='bbox 789 794 832 865; x_wconf 87' lang='lat' dir='ltr'>de</span> <span class='ocrx_word' id='word_1_26' title='bbox 851 817 917 887; x_wconf 84' lang='lat' dir='ltr'>qua</span> <span class='ocrx_word' id='word_1_27' title='bbox 933 817 1024 866; x_wconf 89' lang='lat' dir='ltr'>nunc</span> <span class='ocrx_word' id='word_1_28' title='bbox 1047 793 1240 890; x_wconf 84' lang='lat' dir='ltr'>loquimur,</span> <span class='ocrx_word' id='word_1_29' title='bbox 1268 797 1450 884; x_wconf 61' lang='lat' dir='ltr'>senilitas,</span> <span class='ocrx_word' id='word_1_30' title='bbox 1476 797 1592 869; x_wconf 85' lang='lat' dir='ltr'>illustri</span> <span class='ocrx_word' id='word_1_31' title='bbox 1611 797 1784 890; x_wconf 86' lang='lat' dir='ltr'>splendore</span> <span class='ocrx_word' id='word_1_32' title='bbox 1801 797 1856 868; x_wconf 87' lang='lat' dir='ltr'>mi·</span> 
     </span>
    </p>

    <p class='ocr_par' dir='ltr' id='par_1_3' title="bbox 484 893 1858 1094">
     <span class='ocr_line' id='line_1_5' title="bbox 484 893 1858 996; baseline -0.003 -24"><span class='ocrx_word' id='word_1_33' title='bbox 484 919 572 974; x_wconf 87' lang='lat' dir='ltr'>cant.</span> <span class='ocrx_word' id='word_1_34' title='bbox 598 897 786 974; x_wconf 68' lang='lat' dir='ltr'>sanctitatis</span> <span class='ocrx_word' id='word_1_35' title='bbox 801 893 865 982; x_wconf 80' lang='lat' dir='ltr'>cst,</span> <span class='ocrx_word' id='word_1_36' title='bbox 887 893 977 988; x_wconf 91' lang='lat' dir='ltr'>quod</span> <span class='ocrx_word' id='word_1_37' title='bbox 994 897 1132 986; x_wconf 84' lang='lat' dir='ltr'>turpiter</span> <span class='ocrx_word' id='word_1_38' title='bbox 1150 897 1310 972; x_wconf 84' lang='lat' dir='ltr'>loedatam</span> <span class='ocrx_word' id='word_1_39' title='bbox 1329 895 1376 968; x_wconf 90' lang='lat' dir='ltr'>sui</span> <span class='ocrx_word' id='word_1_40' title='bbox 1390 897 1568 996; x_wconf 80' lang='lat' dir='ltr'>imaginem</span> <span class='ocrx_word' id='word_1_41' title='bbox 1584 899 1619 970; x_wconf 90' lang='lat' dir='ltr'>in</span> <span class='ocrx_word' id='word_1_42' title='bbox 1639 900 1776 972; x_wconf 91' lang='lat' dir='ltr'>homine</span> <span class='ocrx_word' id='word_1_43' title='bbox 1793 921 1858 990; x_wconf 79' lang='lat' dir='ltr'>pec</span> 
     </span>
     <span class='ocr_line' id='line_1_6' title="bbox 484 995 1858 1094; baseline -0.004 -19"><span class='ocrx_word' id='word_1_44' title='bbox 484 1024 594 1074; x_wconf 88' lang='lat' dir='ltr'>catore</span> <span class='ocrx_word' id='word_1_45' title='bbox 613 1021 759 1093; x_wconf 89' lang='lat' dir='ltr'>reparare</span> <span class='ocrx_word' id='word_1_46' title='bbox 782 996 932 1070; x_wconf 84' lang='lat' dir='ltr'>animum</span> <span class='ocrx_word' id='word_1_47' title='bbox 949 995 1127 1070; x_wconf 81' lang='lat' dir='ltr'>induxerit</span> <span class='ocrx_word' id='word_1_48' title='bbox 1170 998 1357 1072; x_wconf 73' lang='lat' dir='ltr'>sanctitatis</span> <span class='ocrx_word' id='word_1_49' title='bbox 1379 997 1444 1084; x_wconf 88' lang='lat' dir='ltr'>est,</span> <span class='ocrx_word' id='word_1_50' title='bbox 1471 999 1563 1094; x_wconf 90' lang='lat' dir='ltr'>quod</span> <span class='ocrx_word' id='word_1_51' title='bbox 1579 997 1683 1073; x_wconf 74' lang='lat' dir='ltr'>lacere</span> <span class='ocrx_word' id='word_1_52' title='bbox 1702 999 1792 1074; x_wconf 90' lang='lat' dir='ltr'>illud</span> <span class='ocrx_word' id='word_1_53' title='bbox 1807 1023 1858 1070; x_wconf 92' lang='lat' dir='ltr'>no-</span> 
     </span>
    </p>

    <p class='ocr_par' dir='ltr' id='par_1_4' title="bbox 483 1095 1861 1398">
     <span class='ocr_line' id='line_1_7' title="bbox 485 1095 1859 1195; baseline -0.004 -21"><span class='ocrx_word' id='word_1_54' title='bbox 485 1103 584 1174; x_wconf 89' lang='lat' dir='ltr'>luerit</span> <span class='ocrx_word' id='word_1_55' title='bbox 611 1099 679 1173; x_wconf 85' lang='lat' dir='ltr'>fine</span> <span class='ocrx_word' id='word_1_56' title='bbox 705 1097 986 1170; x_wconf 86' lang='lat' dir='ltr'>demonstratione</span> <span class='ocrx_word' id='word_1_57' title='bbox 1018 1095 1087 1169; x_wconf 88' lang='lat' dir='ltr'>odii</span> <span class='ocrx_word' id='word_1_58' title='bbox 1104 1147 1116 1184; x_wconf 87' lang='lat'><strong>,</strong></span> <span class='ocrx_word' id='word_1_59' title='bbox 1132 1125 1211 1192; x_wconf 91' lang='lat' dir='ltr'>·quo</span> <span class='ocrx_word' id='word_1_60' title='bbox 1238 1097 1444 1193; x_wconf 85' lang='lat' dir='ltr'>prosequitur</span> <span class='ocrx_word' id='word_1_61' title='bbox 1474 1117 1643 1194; x_wconf 80' lang='lat' dir='ltr'>peccatum</span> <span class='ocrx_word' id='word_1_62' title='bbox 1663 1110 1676 1172; x_wconf 73' lang='grc' dir='ltr'>ι’</span> <span class='ocrx_word' id='word_1_63' title='bbox 1707 1099 1859 1195; x_wconf 91' lang='lat' dir='ltr'>quodque</span> 
     </span>
     <span class='ocr_line' id='line_1_8' title="bbox 484 1196 1858 1295; baseline -0.004 -20"><span class='ocrx_word' id='word_1_64' title='bbox 484 1204 603 1276; x_wconf 89' lang='lat' dir='ltr'>odium</span> <span class='ocrx_word' id='word_1_65' title='bbox 622 1200 708 1274; x_wconf 89' lang='lat' dir='ltr'>illud</span> <span class='ocrx_word' id='word_1_66' title='bbox 733 1225 805 1271; x_wconf 91' lang='lat' dir='ltr'>nou</span> <span class='ocrx_word' id='word_1_67' title='bbox 826 1196 936 1269; x_wconf 80' lang='lat' dir='ltr'>verbis</span> <span class='ocrx_word' id='word_1_68' title='bbox 958 1197 1120 1271; x_wconf 81' lang='lat' dir='ltr'><strong>duntaxat</strong></span> <span class='ocrx_word' id='word_1_69' title='bbox 1144 1199 1314 1272; x_wconf 82' lang='lat' dir='ltr'>ostendere</span> <span class='ocrx_word' id='word_1_70' title='bbox 1337 1199 1510 1288; x_wconf 86' lang='lat' dir='ltr'>voluerit,</span> <span class='ocrx_word' id='word_1_71' title='bbox 1539 1200 1720 1295; x_wconf 76' lang='lat' dir='ltr'>inquibus</span> <span class='ocrx_word' id='word_1_72' title='bbox 1742 1199 1858 1295; x_wconf 71' lang='lat' dir='ltr'>pecati</span> 
     </span>
     <span class='ocr_line' id='line_1_9' title="bbox 483 1295 1861 1398; baseline -0.004 -21"><span class='ocrx_word' id='word_1_73' title='bbox 483 1303 653 1377; x_wconf 76' lang='lat' dir='ltr'>derelictio</span> <span class='ocrx_word' id='word_1_74' title='bbox 667 1301 739 1386; x_wconf 86' lang='lat' dir='ltr'>est,</span> <span class='ocrx_word' id='word_1_75' title='bbox 762 1299 817 1371; x_wconf 82' lang='lat' dir='ltr'>sed</span> <span class='ocrx_word' id='word_1_76' title='bbox 836 1302 868 1370; x_wconf 77' lang='lat' dir='ltr'>dr</span> <span class='ocrx_word' id='word_1_77' title='bbox 887 1295 980 1370; x_wconf 72' lang='lat' dir='ltr'>fatris</span> <span class='ocrx_word' id='word_1_78' title='bbox 998 1323 1059 1393; x_wconf 84' lang='lat' dir='ltr'>per</span> <span class='ocrx_word' id='word_1_79' title='bbox 1077 1303 1176 1362; x_wconf 59' lang='lat' dir='ltr'>abab!</span> <span class='ocrx_word' id='word_1_80' title='bbox 1198 1297 1266 1372; x_wconf 83' lang='lat' dir='ltr'>five</span> <span class='ocrx_word' id='word_1_81' title='bbox 1284 1302 1499 1398; x_wconf 83' lang='lat' dir='ltr'><em>exemplarem</em></span> <span class='ocrx_word' id='word_1_82' title='bbox 1516 1302 1705 1376; x_wconf 65' lang='lat' dir='ltr'>vireium.</span> <span class='ocrx_word' id='word_1_83' title='bbox 1739 1302 1861 1374; x_wconf 76' lang='lat' dir='ltr'>Sanni-</span> 
     </span>
    </p>

    <p class='ocr_par' dir='ltr' id='par_1_5' title="bbox 484 1397 1863 1497">
     <span class='ocr_line' id='line_1_10' title="bbox 484 1397 1863 1497; baseline -0.003 -19"><span class='ocrx_word' id='word_1_84' title='bbox 484 1407 561 1478; x_wconf 82' lang='lat' dir='ltr'>ratis</span> <span class='ocrx_word' id='word_1_85' title='bbox 579 1404 649 1490; x_wconf 89' lang='lat' dir='ltr'>est,</span> <span class='ocrx_word' id='word_1_86' title='bbox 669 1399 783 1497; x_wconf 87' lang='lat' dir='ltr'>quod,</span> <span class='ocrx_word' id='word_1_87' title='bbox 802 1418 842 1472; x_wconf 91' lang='lat' dir='ltr'>ut</span> <span class='ocrx_word' id='word_1_88' title='bbox 859 1397 1053 1472; x_wconf 69' lang='lat' dir='ltr'>sandificari</span> <span class='ocrx_word' id='word_1_89' title='bbox 1081 1399 1176 1474; x_wconf 64' lang='lat' dir='ltr'>elerii</span> <span class='ocrx_word' id='word_1_90' title='bbox 1198 1399 1245 1472; x_wconf 92' lang='lat' dir='ltr'>sui</span> <span class='ocrx_word' id='word_1_91' title='bbox 1265 1398 1421 1494; x_wconf 77' lang='lat' dir='ltr'>pollent,</span> <span class='ocrx_word' id='word_1_92' title='bbox 1444 1402 1627 1475; x_wconf 72' lang='lat' dir='ltr'>virididlam</span> <span class='ocrx_word' id='word_1_93' title='bbox 1645 1403 1737 1474; x_wconf 89' lang='lat' dir='ltr'>illam</span> <span class='ocrx_word' id='word_1_94' title='bbox 1761 1427 1863 1496; x_wconf 87' lang='lat' dir='ltr'>popo-</span> 
     </span>
    </p>

    <p class='ocr_par' dir='ltr' id='par_1_6' title="bbox 483 1497 1862 1700">
     <span class='ocr_line' id='line_1_11' title="bbox 484 1497 1862 1601; baseline -0.004 -22"><span class='ocrx_word' id='word_1_95' title='bbox 484 1506 581 1579; x_wconf 86' lang='lat' dir='ltr'>scerit</span> <span class='ocrx_word' id='word_1_96' title='bbox 596 1508 615 1576; x_wconf 75' lang='lat' dir='ltr'>d</span> <span class='ocrx_word' id='word_1_97' title='bbox 629 1499 829 1576; x_wconf 77' lang='lat' dir='ltr'>nnniffimo</span> <span class='ocrx_word' id='word_1_98' title='bbox 844 1501 931 1573; x_wconf 87' lang='lat' dir='ltr'>Filio</span> <span class='ocrx_word' id='word_1_99' title='bbox 949 1497 1030 1585; x_wconf 85' lang='lat' dir='ltr'>suo,</span> <span class='ocrx_word' id='word_1_100' title='bbox 1053 1499 1169 1595; x_wconf 88' lang='lat' dir='ltr'>sponte</span> <span class='ocrx_word' id='word_1_101' title='bbox 1186 1501 1218 1574; x_wconf 91' lang='lat' dir='ltr'>se</span> <span class='ocrx_word' id='word_1_102' title='bbox 1237 1503 1280 1574; x_wconf 90' lang='lat' dir='ltr'>ad</span> <span class='ocrx_word' id='word_1_103' title='bbox 1293 1527 1365 1576; x_wconf 87' lang='lat' dir='ltr'>eam</span> <span class='ocrx_word' id='word_1_104' title='bbox 1384 1528 1452 1576; x_wconf 89' lang='lat' dir='ltr'>rem</span> <span class='ocrx_word' id='word_1_105' title='bbox 1470 1497 1655 1601; x_wconf 67' lang='lat' dir='ltr'>offerenter</span> <span class='ocrx_word' id='word_1_106' title='bbox 1675 1504 1777 1597; x_wconf 90' lang='lat' dir='ltr'>idque</span> <span class='ocrx_word' id='word_1_107' title='bbox 1795 1523 1862 1574; x_wconf 88' lang='lat' dir='ltr'>tam</span> 
     </span>
     <span class='ocr_line' id='line_1_12' title="bbox 483 1601 1861 1700; baseline -0.005 -19"><span class='ocrx_word' id='word_1_108' title='bbox 483 1607 692 1692; x_wconf 85' lang='lat' dir='ltr'>solemniter,</span> <span class='ocrx_word' id='word_1_109' title='bbox 705 1604 876 1676; x_wconf 90' lang='lat' dir='ltr'>utcoelum</span> <span class='ocrx_word' id='word_1_110' title='bbox 893 1605 1029 1674; x_wconf 85' lang='lat' dir='ltr'>&amp;terra</span> <span class='ocrx_word' id='word_1_111' title='bbox 1045 1603 1087 1674; x_wconf 86' lang='lat' dir='ltr'>ad</span> <span class='ocrx_word' id='word_1_112' title='bbox 1104 1621 1173 1676; x_wconf 87' lang='lat' dir='ltr'>tam</span> <span class='ocrx_word' id='word_1_113' title='bbox 1193 1601 1313 1676; x_wconf 81' lang='lat' dir='ltr'>severae</span> <span class='ocrx_word' id='word_1_114' title='bbox 1328 1603 1464 1698; x_wconf 86' lang='lat' dir='ltr'>justitiae</span> <span class='ocrx_word' id='word_1_115' title='bbox 1481 1601 1726 1700; x_wconf 84' lang='lat' dir='ltr'>purillimaequc</span> <span class='ocrx_word' id='word_1_116' title='bbox 1747 1603 1861 1676; x_wconf 75' lang='lat' dir='ltr'>sanai.</span> 
     </span>
    </p>

    <p class='ocr_par' dir='ltr' id='par_1_7' title="bbox 359 1701 1865 2002">
     <span class='ocr_line' id='line_1_13' title="bbox 359 1701 1863 1804; baseline -0.004 -22"><span class='ocrx_word' id='word_1_117' title='bbox 359 1795 368 1804; x_wconf 79' lang='lat'><strong>.</strong></span> <span class='ocrx_word' id='word_1_118' title='bbox 440 1714 444 1718; x_wconf 59' lang='grc'>“</span> <span class='ocrx_word' id='word_1_119' title='bbox 485 1710 561 1782; x_wconf 85' lang='lat' dir='ltr'>tatis</span> <span class='ocrx_word' id='word_1_120' title='bbox 580 1705 772 1800; x_wconf 84' lang='lat' dir='ltr'>exemplum</span> <span class='ocrx_word' id='word_1_121' title='bbox 786 1703 1027 1776; x_wconf 80' lang='lat' dir='ltr'>exhorruerint</span> <span class='ocrx_word' id='word_1_122' title='bbox 1054 1704 1239 1776; x_wconf 67' lang='lat' dir='ltr'>Sanditatis</span> <span class='ocrx_word' id='word_1_123' title='bbox 1253 1703 1316 1789; x_wconf 89' lang='lat' dir='ltr'>est,</span> <span class='ocrx_word' id='word_1_124' title='bbox 1334 1705 1426 1800; x_wconf 81' lang='lat' dir='ltr'>qood</span> <span class='ocrx_word' id='word_1_125' title='bbox 1442 1705 1566 1778; x_wconf 88' lang='lat' dir='ltr'>Filium</span> <span class='ocrx_word' id='word_1_126' title='bbox 1577 1704 1695 1792; x_wconf 88' lang='lat' dir='ltr'>suum,</span> <span class='ocrx_word' id='word_1_127' title='bbox 1715 1732 1775 1798; x_wconf 88' lang='lat' dir='ltr'>per</span> <span class='ocrx_word' id='word_1_128' title='bbox 1795 1701 1863 1800; x_wconf 90' lang='lat' dir='ltr'>pas·</span> 
     </span>
     <span class='ocr_line' id='line_1_14' title="bbox 487 1805 1863 1902; baseline -0.004 -19"><span class='ocrx_word' id='word_1_129' title='bbox 487 1807 593 1884; x_wconf 79' lang='lat' dir='ltr'>siones</span> <span class='ocrx_word' id='word_1_130' title='bbox 608 1808 897 1888; x_wconf 83' lang='lat' dir='ltr'>consummatum,</span> <span class='ocrx_word' id='word_1_131' title='bbox 919 1805 1113 1876; x_wconf 83' lang='lat' dir='ltr'>excitaverit</span> <span class='ocrx_word' id='word_1_132' title='bbox 1130 1829 1171 1879; x_wconf 83' lang='lat' dir='ltr'>ex</span> <span class='ocrx_word' id='word_1_133' title='bbox 1189 1807 1351 1892; x_wconf 80' lang='lat' dir='ltr'>mortuis,</span> <span class='ocrx_word' id='word_1_134' title='bbox 1372 1809 1404 1878; x_wconf 72' lang='lat' dir='ltr'>a</span> <span class='ocrx_word' id='word_1_135' title='bbox 1423 1808 1627 1880; x_wconf 84' lang='lat' dir='ltr'>coronaverit</span> <span class='ocrx_word' id='word_1_136' title='bbox 1644 1807 1749 1902; x_wconf 84' lang='lat' dir='ltr'>gloria</span> <span class='ocrx_word' id='word_1_137' title='bbox 1766 1827 1863 1901; x_wconf 85' lang='lat' dir='ltr'>atque</span> 
     </span>
     <span class='ocr_line' id='line_1_15' title="bbox 487 1902 1865 2002; baseline -0.005 -17"><span class='ocrx_word' id='word_1_138' title='bbox 487 1913 644 1984; x_wconf 86' lang='lat' dir='ltr'>honore:</span> <span class='ocrx_word' id='word_1_139' title='bbox 679 1911 727 1980; x_wconf 90' lang='lat' dir='ltr'>ita</span> <span class='ocrx_word' id='word_1_140' title='bbox 748 1907 840 1978; x_wconf 88' lang='lat' dir='ltr'>enim</span> <span class='ocrx_word' id='word_1_141' title='bbox 858 1902 921 1977; x_wconf 87' lang='lat' dir='ltr'>fibi</span> <span class='ocrx_word' id='word_1_142' title='bbox 942 1902 1180 1980; x_wconf 78' lang='lat' dir='ltr'>sanuiffimum</span> <span class='ocrx_word' id='word_1_143' title='bbox 1200 1907 1275 1980; x_wconf 87' lang='lat' dir='ltr'>Filii</span> <span class='ocrx_word' id='word_1_144' title='bbox 1302 1905 1351 1978; x_wconf 85' lang='lat' dir='ltr'>sui</span> <span class='ocrx_word' id='word_1_145' title='bbox 1372 1905 1564 1982; x_wconf 81' lang='lat' dir='ltr'>sacrificium</span> <span class='ocrx_word' id='word_1_146' title='bbox 1586 1906 1737 2002; x_wconf 80' lang='lat' dir='ltr'>placruffe</span> <span class='ocrx_word' id='word_1_147' title='bbox 1758 1906 1865 1979; x_wconf 87' lang='lat' dir='ltr'>osten-</span> 
     </span>
    </p>

    <p class='ocr_par' dir='ltr' id='par_1_8' title="bbox 247 2005 1970 2611">
     <span class='ocr_line' id='line_1_16' title="bbox 368 2005 1865 2103; baseline -0.003 -19"><span class='ocrx_word' id='word_1_148' title='bbox 368 2060 372 2068; x_wconf 91' lang='lat'><em>-</em></span> <span class='ocrx_word' id='word_1_149' title='bbox 488 2014 549 2086; x_wconf 91' lang='lat' dir='ltr'>dit.</span> <span class='ocrx_word' id='word_1_150' title='bbox 596 2007 784 2086; x_wconf 70' lang='lat' dir='ltr'>sanctitatis</span> <span class='ocrx_word' id='word_1_151' title='bbox 805 2006 947 2099; x_wconf 87' lang='lat' dir='ltr'>denique</span> <span class='ocrx_word' id='word_1_152' title='bbox 966 2005 1039 2092; x_wconf 86' lang='lat' dir='ltr'>est,</span> <span class='ocrx_word' id='word_1_153' title='bbox 1060 2008 1151 2102; x_wconf 90' lang='lat' dir='ltr'>quod</span> <span class='ocrx_word' id='word_1_154' title='bbox 1172 2009 1337 2082; x_wconf 84' lang='lat' dir='ltr'>redemtos</span> <span class='ocrx_word' id='word_1_155' title='bbox 1359 2005 1514 2101; x_wconf 83' lang='lat' dir='ltr'>sanguine</span> <span class='ocrx_word' id='word_1_156' title='bbox 1534 2009 1609 2082; x_wconf 87' lang='lat' dir='ltr'>Filii</span> <span class='ocrx_word' id='word_1_157' title='bbox 1627 2009 1669 2082; x_wconf 92' lang='lat' dir='ltr'>ad</span> <span class='ocrx_word' id='word_1_158' title='bbox 1689 2007 1865 2103; x_wconf 80' lang='lat' dir='ltr'>gloriosam</span> 
     </span>
     <span class='ocr_line' id='line_1_17' title="bbox 247 2105 1863 2208; baseline -0.004 -22"><span class='ocrx_word' id='word_1_159' title='bbox 247 2139 251 2144; x_wconf 90' lang='lat'>·</span> <span class='ocrx_word' id='word_1_160' title='bbox 487 2109 587 2208; x_wconf 83' lang='lat' dir='ltr'>ipfius</span> <span class='ocrx_word' id='word_1_161' title='bbox 604 2111 786 2206; x_wconf 84' lang='lat' dir='ltr'>imaginem</span> <span class='ocrx_word' id='word_1_162' title='bbox 802 2105 1032 2192; x_wconf 72' lang='lat' dir='ltr'>tranformet,</span> <span class='ocrx_word' id='word_1_163' title='bbox 1052 2125 1092 2180; x_wconf 92' lang='lat' dir='ltr'>ut</span> <span class='ocrx_word' id='word_1_164' title='bbox 1112 2108 1139 2180; x_wconf 89' lang='lat' dir='ltr'>is</span> <span class='ocrx_word' id='word_1_165' title='bbox 1160 2106 1201 2182; x_wconf 85' lang='lat' dir='ltr'>srt</span> <span class='ocrx_word' id='word_1_166' title='bbox 1228 2111 1466 2205; x_wconf 81' lang='lat' dir='ltr'>primogenitus</span> <span class='ocrx_word' id='word_1_167' title='bbox 1488 2111 1573 2184; x_wconf 88' lang='lat' dir='ltr'>inter</span> <span class='ocrx_word' id='word_1_168' title='bbox 1594 2111 1719 2182; x_wconf 82' lang='lat' dir='ltr'>multos</span> <span class='ocrx_word' id='word_1_169' title='bbox 1740 2107 1863 2184; x_wconf 77' lang='lat' dir='ltr'>fratres.</span> 
     </span>
     <span class='ocr_line' id='line_1_18' title="bbox 297 2206 1868 2302; baseline -0.001 -18"><span class='ocrx_word' id='word_1_170' title='bbox 297 2237 346 2284; x_wconf 73' lang='lat' dir='ltr'>rx.</span> <span class='ocrx_word' id='word_1_171' title='bbox 358 2223 421 2298; x_wconf 63' lang='grc' dir='ltr'>ιιι.</span> <span class='ocrx_word' id='word_1_172' title='bbox 539 2214 615 2286; x_wconf 74' lang='lat' dir='ltr'>IX</span> <span class='ocrx_word' id='word_1_173' title='bbox 641 2213 751 2292; x_wconf 81' lang='lat' dir='ltr'>Haec,</span> <span class='ocrx_word' id='word_1_174' title='bbox 770 2229 870 2302; x_wconf 87' lang='lat' dir='ltr'>atque</span> <span class='ocrx_word' id='word_1_175' title='bbox 887 2207 938 2279; x_wconf 88' lang='lat' dir='ltr'>his</span> <span class='ocrx_word' id='word_1_176' title='bbox 955 2206 1075 2280; x_wconf 82' lang='lat' dir='ltr'>fimilia</span> <span class='ocrx_word' id='word_1_177' title='bbox 1091 2209 1262 2282; x_wconf 83' lang='lat' dir='ltr'>Christum</span> <span class='ocrx_word' id='word_1_178' title='bbox 1280 2211 1317 2282; x_wconf 93' lang='lat' dir='ltr'>in</span> <span class='ocrx_word' id='word_1_179' title='bbox 1334 2211 1446 2282; x_wconf 89' lang='lat' dir='ltr'>animo</span> <span class='ocrx_word' id='word_1_180' title='bbox 1461 2208 1612 2284; x_wconf 78' lang='lat' dir='ltr'>habuille</span> <span class='ocrx_word' id='word_1_181' title='bbox 1630 2210 1788 2284; x_wconf 86' lang='lat' dir='ltr'>credibile</span> <span class='ocrx_word' id='word_1_182' title='bbox 1805 2211 1868 2292; x_wconf 84' lang='lat' dir='ltr'>est,-</span> 
     </span>
     <span class='ocr_line' id='line_1_19' title="bbox 299 2304 1866 2412; baseline -0.004 -24"><span class='ocrx_word' id='word_1_183' title='bbox 299 2309 359 2351; x_wconf 54' lang='grc' dir='ltr'>’Ψ</span> <span class='ocrx_word' id='word_1_184' title='bbox 372 2304 464 2360; x_wconf 60' lang='lat'><strong>²⁷⁴⁸·</strong></span> <span class='ocrx_word' id='word_1_185' title='bbox 491 2315 624 2412; x_wconf 86' lang='lat' dir='ltr'>quando</span> <span class='ocrx_word' id='word_1_186' title='bbox 646 2310 785 2384; x_wconf 88' lang='lat' dir='ltr'>instante</span> <span class='ocrx_word' id='word_1_187' title='bbox 808 2311 869 2382; x_wconf 91' lang='lat' dir='ltr'>illo</span> <span class='ocrx_word' id='word_1_188' title='bbox 887 2328 1038 2402; x_wconf 87' lang='lat' dir='ltr'>tempore</span> <span class='ocrx_word' id='word_1_189' title='bbox 1063 2333 1130 2404; x_wconf 91' lang='lat' dir='ltr'>quo</span> <span class='ocrx_word' id='word_1_190' title='bbox 1149 2310 1284 2406; x_wconf 82' lang='lat' dir='ltr'>justitiae</span> <span class='ocrx_word' id='word_1_191' title='bbox 1308 2311 1447 2384; x_wconf 86' lang='lat' dir='ltr'>Divinae</span> <span class='ocrx_word' id='word_1_192' title='bbox 1463 2311 1685 2386; x_wconf 74' lang='lat' dir='ltr'>fatisfnuurus</span> <span class='ocrx_word' id='word_1_193' title='bbox 1707 2331 1779 2386; x_wconf 88' lang='lat' dir='ltr'>erat</span> <span class='ocrx_word' id='word_1_194' title='bbox 1791 2364 1804 2400; x_wconf 90' lang='lat'>‚</span> <span class='ocrx_word' id='word_1_195' title='bbox 1831 2311 1866 2382; x_wconf 88' lang='lat' dir='ltr'>in</span> 
     </span>
     <span class='ocr_line' id='line_1_20' title="bbox 488 2410 1866 2507; baseline -0.005 -16"><span class='ocrx_word' id='word_1_196' title='bbox 488 2419 564 2491; x_wconf 87' lang='lat' dir='ltr'>haec</span> <span class='ocrx_word' id='word_1_197' title='bbox 582 2414 686 2496; x_wconf 86' lang='lat' dir='ltr'>verba</span> <span class='ocrx_word' id='word_1_198' title='bbox 701 2413 823 2507; x_wconf 85' lang='lat' dir='ltr'>erupit.</span> <span class='ocrx_word' id='word_1_199' title='bbox 849 2411 927 2506; x_wconf 81' lang='lat' dir='ltr'>Joh:</span> <span class='ocrx_word' id='word_1_200' title='bbox 941 2435 1027 2484; x_wconf 86' lang='lat' dir='ltr'>xrr:</span> <span class='ocrx_word' id='word_1_201' title='bbox 1049 2432 1107 2505; x_wconf 86' lang='lat'>27.</span> <span class='ocrx_word' id='word_1_202' title='bbox 1124 2425 1182 2500; x_wconf 83' lang='lat'>28.</span> <span class='ocrx_word' id='word_1_203' title='bbox 1218 2418 1322 2487; x_wconf 85' lang='lat' dir='ltr'>Nunc</span> <span class='ocrx_word' id='word_1_204' title='bbox 1337 2417 1444 2486; x_wconf 78' lang='lat' dir='ltr'>arima</span> <span class='ocrx_word' id='word_1_205' title='bbox 1460 2439 1530 2488; x_wconf 86' lang='lat' dir='ltr'>mea</span> <span class='ocrx_word' id='word_1_206' title='bbox 1547 2413 1682 2488; x_wconf 81' lang='lat' dir='ltr'>turbata</span> <span class='ocrx_word' id='word_1_207' title='bbox 1705 2410 1774 2501; x_wconf 76' lang='lat' dir='ltr'>est,</span> <span class='ocrx_word' id='word_1_208' title='bbox 1789 2437 1866 2486; x_wconf 85' lang='lat' dir='ltr'>eon-</span> 
     </span>
     <span class='ocr_line' id='line_1_21' title="bbox 488 2507 1970 2611; baseline -0.005 -18"><span class='ocrx_word' id='word_1_209' title='bbox 488 2515 688 2594; x_wconf 82' lang='lat' dir='ltr'>lideratione</span> <span class='ocrx_word' id='word_1_210' title='bbox 709 2507 973 2610; x_wconf 80' lang='lat' dir='ltr'>gravillnnerum</span> <span class='ocrx_word' id='word_1_211' title='bbox 1000 2513 1136 2587; x_wconf 87' lang='lat' dir='ltr'>illarum</span> <span class='ocrx_word' id='word_1_212' title='bbox 1158 2511 1403 2610; x_wconf 84' lang='lat' dir='ltr'>perpellionum</span> <span class='ocrx_word' id='word_1_213' title='bbox 1431 2539 1508 2611; x_wconf 82' lang='lat' dir='ltr'>quae</span> <span class='ocrx_word' id='word_1_214' title='bbox 1533 2539 1587 2595; x_wconf 82' lang='lat' dir='ltr'>me</span> <span class='ocrx_word' id='word_1_215' title='bbox 1614 2532 1764 2588; x_wconf 86' lang='lat' dir='ltr'>manent</span> <span class='ocrx_word' id='word_1_216' title='bbox 1818 2515 1865 2589; x_wconf 80' lang='lat' dir='ltr'>Er</span> <span class='ocrx_word' id='word_1_217' title='bbox 1968 2563 1970 2572; x_wconf 77' lang='lat'><em>·</em></span> 
     </span>
    </p>

    <p class='ocr_par' dir='ltr' id='par_1_9' title="bbox 487 2608 1865 2719">
     <span class='ocr_line' id='line_1_22' title="bbox 487 2608 1865 2719; baseline -0.004 -26"><span class='ocrx_word' id='word_1_218' title='bbox 487 2623 568 2719; x_wconf 77' lang='lat' dir='ltr'>quid</span> <span class='ocrx_word' id='word_1_219' title='bbox 581 2620 716 2693; x_wconf 70' lang='lat' dir='ltr'>dicam?</span> <span class='ocrx_word' id='word_1_220' title='bbox 742 2618 874 2690; x_wconf 82' lang='lat' dir='ltr'>Omnes</span> <span class='ocrx_word' id='word_1_221' title='bbox 893 2614 1016 2687; x_wconf 89' lang='lat' dir='ltr'>vellem</span> <span class='ocrx_word' id='word_1_222' title='bbox 1034 2616 1217 2710; x_wconf 86' lang='lat' dir='ltr'>intelligere</span> <span class='ocrx_word' id='word_1_223' title='bbox 1236 2608 1393 2691; x_wconf 74' lang='lat' dir='ltr'>affectum</span> <span class='ocrx_word' id='word_1_224' title='bbox 1413 2642 1527 2691; x_wconf 85' lang='lat' dir='ltr'>meum</span> <span class='ocrx_word' id='word_1_225' title='bbox 1546 2668 1558 2704; x_wconf 89' lang='lat'>,</span> <span class='ocrx_word' id='word_1_226' title='bbox 1580 2616 1633 2689; x_wconf 90' lang='lat' dir='ltr'>sed</span> <span class='ocrx_word' id='word_1_227' title='bbox 1654 2641 1731 2689; x_wconf 91' lang='lat' dir='ltr'>eum</span> <span class='ocrx_word' id='word_1_228' title='bbox 1754 2612 1865 2693; x_wconf 80' lang='lat' dir='ltr'>verbis</span> 
     </span>
    </p>

    <p class='ocr_par' dir='ltr' id='par_1_10' title="bbox 489 2714 1866 2815">
     <span class='ocr_line' id='line_1_23' title="bbox 489 2714 1866 2815; baseline -0.003 -22"><span class='ocrx_word' id='word_1_229' title='bbox 489 2744 656 2815; x_wconf 83' lang='lat' dir='ltr'>exponere</span> <span class='ocrx_word' id='word_1_230' title='bbox 679 2714 813 2791; x_wconf 86' lang='lat' dir='ltr'>difficile</span> <span class='ocrx_word' id='word_1_231' title='bbox 832 2716 888 2788; x_wconf 82' lang='lat' dir='ltr'>est.</span> <span class='ocrx_word' id='word_1_232' title='bbox 931 2720 1035 2789; x_wconf 82' lang='lat' dir='ltr'>Pater</span> <span class='ocrx_word' id='word_1_233' title='bbox 1055 2716 1160 2789; x_wconf 85' lang='lat' dir='ltr'>libera</span> <span class='ocrx_word' id='word_1_234' title='bbox 1175 2742 1227 2789; x_wconf 84' lang='lat' dir='ltr'>me</span> <span class='ocrx_word' id='word_1_235' title='bbox 1246 2716 1288 2789; x_wconf 83' lang='lat' dir='ltr'>ab</span> <span class='ocrx_word' id='word_1_236' title='bbox 1305 2718 1365 2789; x_wconf 74' lang='lat' dir='ltr'>hac</span> <span class='ocrx_word' id='word_1_237' title='bbox 1381 2718 1473 2790; x_wconf 79' lang='lat' dir='ltr'>hora.</span> <span class='ocrx_word' id='word_1_238' title='bbox 1512 2720 1547 2791; x_wconf 89' lang='lat' dir='ltr'>Si</span> <span class='ocrx_word' id='word_1_239' title='bbox 1568 2714 1640 2791; x_wconf 84' lang='lat' dir='ltr'>fieri</span> <span class='ocrx_word' id='word_1_240' title='bbox 1657 2716 1786 2812; x_wconf 86' lang='lat' dir='ltr'>potest,</span> <span class='ocrx_word' id='word_1_241' title='bbox 1814 2714 1866 2789; x_wconf 79' lang='lat' dir='ltr'>fac</span> 
     </span>
    </p>

    <p class='ocr_par' dir='ltr' id='par_1_11' title="bbox 489 2815 1866 2913">
     <span class='ocr_line' id='line_1_24' title="bbox 489 2815 1866 2913; baseline -0.003 -18"><span class='ocrx_word' id='word_1_242' title='bbox 489 2822 636 2895; x_wconf 76' lang='lat' dir='ltr'>urbici</span> <span class='ocrx_word' id='word_1_243' title='bbox 654 2844 708 2892; x_wconf 91' lang='lat' dir='ltr'>me</span> <span class='ocrx_word' id='word_1_244' title='bbox 728 2820 824 2892; x_wconf 88' lang='lat' dir='ltr'>dolor</span> <span class='ocrx_word' id='word_1_245' title='bbox 852 2815 976 2888; x_wconf 81' lang='lat' dir='ltr'>abeat:</span> <span class='ocrx_word' id='word_1_246' title='bbox 992 2817 1049 2906; x_wconf 64' lang='lat' dir='ltr'>fied</span> <span class='ocrx_word' id='word_1_247' title='bbox 1065 2837 1240 2913; x_wconf 82' lang='lat' dir='ltr'>propterea</span> <span class='ocrx_word' id='word_1_248' title='bbox 1261 2822 1338 2889; x_wconf 83' lang='lat' dir='ltr'>veni</span> <span class='ocrx_word' id='word_1_249' title='bbox 1361 2819 1638 2911; x_wconf 67' lang='lat' dir='ltr'>inhumanam.</span> <span class='ocrx_word' id='word_1_250' title='bbox 1677 2819 1750 2892; x_wconf 89' lang='lat' dir='ltr'>Scio</span> <span class='ocrx_word' id='word_1_251' title='bbox 1770 2819 1866 2891; x_wconf 88' lang='lat' dir='ltr'>dolo-</span> 
     </span>
    </p>

    <p class='ocr_par' dir='ltr' id='par_1_12' title="bbox 489 2914 1943 3013">
     <span class='ocr_line' id='line_1_25' title="bbox 489 2914 1943 3013; baseline -0.001 -18"><span class='ocrx_word' id='word_1_252' title='bbox 489 2948 540 2995; x_wconf 87' lang='lat' dir='ltr'>res</span> <span class='ocrx_word' id='word_1_253' title='bbox 558 2924 619 2996; x_wconf 84' lang='lat' dir='ltr'>hes</span> <span class='ocrx_word' id='word_1_254' title='bbox 633 2920 820 2995; x_wconf 85' lang='lat' dir='ltr'>constanter</span> <span class='ocrx_word' id='word_1_255' title='bbox 833 2918 915 2992; x_wconf 80' lang='lat' dir='ltr'>milri</span> <span class='ocrx_word' id='word_1_256' title='bbox 929 2915 1079 2990; x_wconf 82' lang='lat' dir='ltr'>ferendos</span> <span class='ocrx_word' id='word_1_257' title='bbox 1099 2914 1178 2991; x_wconf 82' lang='lat' dir='ltr'>else:</span> <span class='ocrx_word' id='word_1_258' title='bbox 1198 2944 1235 2990; x_wconf 88' lang='lat' dir='ltr'>en</span> <span class='ocrx_word' id='word_1_259' title='bbox 1249 2918 1319 3013; x_wconf 86' lang='lat' dir='ltr'>lege</span> <span class='ocrx_word' id='word_1_260' title='bbox 1337 2918 1568 2993; x_wconf 87' lang='lat' dir='ltr'>mediatorium</span> <span class='ocrx_word' id='word_1_261' title='bbox 1586 2946 1706 2993; x_wconf 85' lang='lat' dir='ltr'>munus</span> <span class='ocrx_word' id='word_1_262' title='bbox 1726 2918 1864 3013; x_wconf 74' lang='lat' dir='ltr'>suscepi,</span> <span class='ocrx_word' id='word_1_263' title='bbox 1940 2982 1943 2993; x_wconf 77' lang='grc'><strong><em>,</em></strong></span> 
     </span>
    </p>
   </div>
   <div class='ocr_carea' id='block_1_3' title="bbox 459 3016 1970 3118">
    <p class='ocr_par' dir='ltr' id='par_1_13' title="bbox 459 3016 1970 3118">
     <span class='ocr_line' id='line_1_26' title="bbox 459 3016 1970 3118; baseline -0.003 -22"><span class='ocrx_word' id='word_1_264' title='bbox 459 3018 463 3026; x_wconf 77' lang='grc'><strong>’</strong></span> <span class='ocrx_word' id='word_1_265' title='bbox 488 3044 529 3096; x_wconf 86' lang='lat' dir='ltr'>ut</span> <span class='ocrx_word' id='word_1_266' title='bbox 546 3026 611 3098; x_wconf 88' lang='lat' dir='ltr'>hoc</span> <span class='ocrx_word' id='word_1_267' title='bbox 633 3024 765 3118; x_wconf 87' lang='lat' dir='ltr'>pretio,</span> <span class='ocrx_word' id='word_1_268' title='bbox 782 3024 815 3095; x_wconf 75' lang='lat' dir='ltr'>a</span> <span class='ocrx_word' id='word_1_269' title='bbox 831 3040 901 3093; x_wconf 85' lang='lat' dir='ltr'>tnae</span> <span class='ocrx_word' id='word_1_270' title='bbox 917 3016 1132 3093; x_wconf 75' lang='lat' dir='ltr'>satisfacerem</span> <span class='ocrx_word' id='word_1_271' title='bbox 1152 3020 1311 3109; x_wconf 83' lang='lat' dir='ltr'>justitiae,</span> <span class='ocrx_word' id='word_1_272' title='bbox 1333 3022 1365 3095; x_wconf 82' lang='lat' dir='ltr'>dr</span> <span class='ocrx_word' id='word_1_273' title='bbox 1387 3044 1479 3093; x_wconf 88' lang='lat' dir='ltr'>meos</span> <span class='ocrx_word' id='word_1_274' title='bbox 1497 3022 1580 3095; x_wconf 88' lang='lat' dir='ltr'>mihi</span> <span class='ocrx_word' id='word_1_275' title='bbox 1594 3020 1787 3096; x_wconf 84' lang='lat' dir='ltr'>redimerem</span> <span class='ocrx_word' id='word_1_276' title='bbox 1801 3022 1864 3093; x_wconf 88' lang='lat' dir='ltr'>ele-</span> <span class='ocrx_word' id='word_1_277' title='bbox 1968 3066 1970 3081; x_wconf 59' lang='grc' dir='ltr'>ι</span> 
     </span>
    </p>
   </div>
   <div class='ocr_carea' id='block_1_4' title="bbox 244 3120 1932 4713">
    <p class='ocr_par' dir='ltr' id='par_1_14' title="bbox 490 3120 1864 3219">
     <span class='ocr_line' id='line_1_27' title="bbox 490 3120 1864 3219; baseline -0.003 -22"><span class='ocrx_word' id='word_1_278' title='bbox 490 3127 570 3197; x_wconf 64' lang='lat' dir='ltr'>dms.</span> <span class='ocrx_word' id='word_1_279' title='bbox 614 3124 947 3219; x_wconf 85' lang='lat' dir='ltr'>Nequeetiamnum</span> <span class='ocrx_word' id='word_1_280' title='bbox 969 3122 1196 3196; x_wconf 87' lang='lat' dir='ltr'>conditionem</span> <span class='ocrx_word' id='word_1_281' title='bbox 1220 3123 1377 3195; x_wconf 72' lang='lat' dir='ltr'>detrecto.</span> <span class='ocrx_word' id='word_1_282' title='bbox 1416 3122 1557 3217; x_wconf 88' lang='lat' dir='ltr'>Itaque,</span> <span class='ocrx_word' id='word_1_283' title='bbox 1585 3129 1689 3196; x_wconf 82' lang='lat' dir='ltr'>Pater</span> <span class='ocrx_word' id='word_1_284' title='bbox 1712 3120 1864 3218; x_wconf 81' lang='lat' dir='ltr'>glorifice</span> 
     </span>
    </p>

    <p class='ocr_par' dir='ltr' id='par_1_15' title="bbox 487 3216 1863 3319">
     <span class='ocr_line' id='line_1_28' title="bbox 487 3216 1863 3319; baseline -0.001 -24"><span class='ocrx_word' id='word_1_285' title='bbox 487 3250 599 3299; x_wconf 83' lang='lat' dir='ltr'>nomen</span> <span class='ocrx_word' id='word_1_286' title='bbox 617 3244 738 3306; x_wconf 65' lang='lat' dir='ltr'>tuum</span> <span class='ocrx_word' id='word_1_287' title='bbox 760 3223 893 3297; x_wconf 87' lang='lat' dir='ltr'>ostende</span> <span class='ocrx_word' id='word_1_288' title='bbox 910 3220 946 3291; x_wconf 91' lang='lat' dir='ltr'>in</span> <span class='ocrx_word' id='word_1_289' title='bbox 960 3219 1246 3315; x_wconf 62' lang='lat' dir='ltr'>perpessorum,</span> <span class='ocrx_word' id='word_1_290' title='bbox 1263 3220 1383 3316; x_wconf 82' lang='lat' dir='ltr'>quibus</span> <span class='ocrx_word' id='word_1_291' title='bbox 1404 3248 1457 3295; x_wconf 90' lang='lat' dir='ltr'>me</span> <span class='ocrx_word' id='word_1_292' title='bbox 1477 3240 1626 3319; x_wconf 77' lang='lat' dir='ltr'>promtus</span> <span class='ocrx_word' id='word_1_293' title='bbox 1646 3216 1754 3315; x_wconf 87' lang='lat' dir='ltr'>offero</span> <span class='ocrx_word' id='word_1_294' title='bbox 1767 3272 1779 3309; x_wconf 85' lang='lat'>‚</span> <span class='ocrx_word' id='word_1_295' title='bbox 1794 3220 1863 3305; x_wconf 85' lang='lat' dir='ltr'>san·</span> 
     </span>
    </p>

    <p class='ocr_par' dir='ltr' id='par_1_16' title="bbox 487 3320 1861 3418">
     <span class='ocr_line' id='line_1_29' title="bbox 487 3320 1861 3418; baseline 0.001 -22"><span class='ocrx_word' id='word_1_296' title='bbox 487 3324 637 3399; x_wconf 63' lang='lat' dir='ltr'>(litatem</span> <span class='ocrx_word' id='word_1_297' title='bbox 654 3328 688 3397; x_wconf 78' lang='lat' dir='ltr'>dr</span> <span class='ocrx_word' id='word_1_298' title='bbox 705 3323 866 3418; x_wconf 85' lang='lat' dir='ltr'>justitiam</span> <span class='ocrx_word' id='word_1_299' title='bbox 886 3340 982 3393; x_wconf 86' lang='lat' dir='ltr'>tuam</span> <span class='ocrx_word' id='word_1_300' title='bbox 998 3348 1010 3401; x_wconf 78' lang='lat'>3</span> <span class='ocrx_word' id='word_1_301' title='bbox 1027 3320 1082 3393; x_wconf 88' lang='lat' dir='ltr'>sed</span> <span class='ocrx_word' id='word_1_302' title='bbox 1100 3326 1131 3395; x_wconf 83' lang='lat' dir='ltr'>dr</span> <span class='ocrx_word' id='word_1_303' title='bbox 1150 3322 1277 3395; x_wconf 89' lang='lat' dir='ltr'>easdem</span> <span class='ocrx_word' id='word_1_304' title='bbox 1297 3324 1431 3397; x_wconf 83' lang='lat' dir='ltr'>ollende</span> <span class='ocrx_word' id='word_1_305' title='bbox 1451 3325 1488 3395; x_wconf 92' lang='lat' dir='ltr'>in</span> <span class='ocrx_word' id='word_1_306' title='bbox 1507 3324 1703 3398; x_wconf 87' lang='lat' dir='ltr'>liberatione</span> <span class='ocrx_word' id='word_1_307' title='bbox 1721 3326 1812 3410; x_wconf 88' lang='lat' dir='ltr'>mei,</span> <span class='ocrx_word' id='word_1_308' title='bbox 1829 3327 1861 3397; x_wconf 74' lang='grc' dir='ltr'>δι</span> 
     </span>
    </p>

    <p class='ocr_par' dir='ltr' id='par_1_17' title="bbox 438 3422 1861 3520">
     <span class='ocr_line' id='line_1_30' title="bbox 438 3422 1861 3520; baseline 0.001 -23"><span class='ocrx_word' id='word_1_309' title='bbox 438 3461 442 3469; x_wconf 92' lang='lat'><strong>·</strong></span> <span class='ocrx_word' id='word_1_310' title='bbox 481 3428 709 3501; x_wconf 83' lang='lat' dir='ltr'>vindicatione</span> <span class='ocrx_word' id='word_1_311' title='bbox 728 3448 880 3497; x_wconf 87' lang='lat' dir='ltr'>meorum</span> <span class='ocrx_word' id='word_1_312' title='bbox 907 3422 1084 3517; x_wconf 87' lang='lat' dir='ltr'>postquam</span> <span class='ocrx_word' id='word_1_313' title='bbox 1108 3422 1171 3495; x_wconf 91' lang='lat' dir='ltr'>tibi</span> <span class='ocrx_word' id='word_1_314' title='bbox 1190 3422 1383 3497; x_wconf 86' lang='lat' dir='ltr'>satisfecero.</span> <span class='ocrx_word' id='word_1_315' title='bbox 1421 3424 1523 3499; x_wconf 84' lang='lat' dir='ltr'>Venit</span> <span class='ocrx_word' id='word_1_316' title='bbox 1545 3450 1620 3520; x_wconf 82' lang='lat' dir='ltr'>ergo</span> <span class='ocrx_word' id='word_1_317' title='bbox 1638 3450 1708 3498; x_wconf 80' lang='lat' dir='ltr'>vox</span> <span class='ocrx_word' id='word_1_318' title='bbox 1726 3428 1744 3499; x_wconf 75' lang='lat' dir='ltr'>d</span> <span class='ocrx_word' id='word_1_319' title='bbox 1763 3426 1861 3507; x_wconf 80' lang='lat' dir='ltr'>celo,</span> 
     </span>
    </p>

    <p class='ocr_par' dir='ltr' id='par_1_18' title="bbox 481 3522 1860 3623">
     <span class='ocr_line' id='line_1_31' title="bbox 481 3522 1860 3623; baseline -0.002 -22"><span class='ocrx_word' id='word_1_320' title='bbox 481 3533 598 3602; x_wconf 69' lang='lat' dir='ltr'>dicens,</span> <span class='ocrx_word' id='word_1_321' title='bbox 610 3532 654 3602; x_wconf 60' lang='grc' dir='ltr'>θ’</span> <span class='ocrx_word' id='word_1_322' title='bbox 668 3524 868 3623; x_wconf 77' lang='lat' dir='ltr'>glorificavi,</span> <span class='ocrx_word' id='word_1_323' title='bbox 884 3522 999 3596; x_wconf 78' lang='lat' dir='ltr'>multia</span> <span class='ocrx_word' id='word_1_324' title='bbox 1018 3526 1184 3599; x_wconf 88' lang='lat' dir='ltr'>virtutum</span> <span class='ocrx_word' id='word_1_325' title='bbox 1203 3550 1353 3599; x_wconf 87' lang='lat' dir='ltr'>mearum</span> <span class='ocrx_word' id='word_1_326' title='bbox 1369 3524 1708 3601; x_wconf 81' lang='lat' dir='ltr'>demonstrationibus</span> <span class='ocrx_word' id='word_1_327' title='bbox 1725 3528 1762 3599; x_wconf 91' lang='lat' dir='ltr'>in</span> <span class='ocrx_word' id='word_1_328' title='bbox 1780 3526 1860 3620; x_wconf 88' lang='lat' dir='ltr'>regi-</span> 
     </span>
    </p>

    <p class='ocr_par' dir='ltr' id='par_1_19' title="bbox 244 3620 1859 3723">
     <span class='ocr_line' id='line_1_32' title="bbox 244 3620 1859 3723; baseline -0.002 -22"><span class='ocrx_word' id='word_1_329' title='bbox 244 3620 250 3631; x_wconf 75' lang='grc'><strong>’</strong></span> <span class='ocrx_word' id='word_1_330' title='bbox 384 3701 388 3709; x_wconf 82' lang='grc'><strong>,</strong></span> <span class='ocrx_word' id='word_1_331' title='bbox 482 3624 575 3701; x_wconf 77' lang='lat' dir='ltr'>mine</span> <span class='ocrx_word' id='word_1_332' title='bbox 595 3624 765 3709; x_wconf 74' lang='lat' dir='ltr'>universi,</span> <span class='ocrx_word' id='word_1_333' title='bbox 786 3650 825 3701; x_wconf 86' lang='lat' dir='ltr'>ac</span> <span class='ocrx_word' id='word_1_334' title='bbox 842 3620 1019 3700; x_wconf 84' lang='lat' dir='ltr'>novillime</span> <span class='ocrx_word' id='word_1_335' title='bbox 1041 3626 1076 3699; x_wconf 89' lang='lat' dir='ltr'>in</span> <span class='ocrx_word' id='word_1_336' title='bbox 1097 3626 1233 3700; x_wconf 89' lang='lat' dir='ltr'>datione</span> <span class='ocrx_word' id='word_1_337' title='bbox 1252 3626 1324 3713; x_wconf 83' lang='lat' dir='ltr'>cui,</span> <span class='ocrx_word' id='word_1_338' title='bbox 1348 3627 1385 3697; x_wconf 91' lang='lat' dir='ltr'>in</span> <span class='ocrx_word' id='word_1_339' title='bbox 1402 3628 1637 3721; x_wconf 82' lang='lat' dir='ltr'>praedicatione</span> <span class='ocrx_word' id='word_1_340' title='bbox 1661 3628 1859 3723; x_wconf 79' lang='lat' dir='ltr'>Evangelii,</span> 
     </span>
    </p>

    <p class='ocr_par' dir='ltr' id='par_1_20' title="bbox 342 3724 1862 3823">
     <span class='ocr_line' id='line_1_33' title="bbox 342 3724 1862 3823; baseline -0.001 -21"><span class='ocrx_word' id='word_1_341' title='bbox 342 3782 345 3789; x_wconf 37' lang='lat' dir='ltr'><strong><em>f</em></strong></span> <span class='ocrx_word' id='word_1_342' title='bbox 484 3732 518 3802; x_wconf 71' lang='grc' dir='ltr'><strong>ἃ</strong></span> <span class='ocrx_word' id='word_1_343' title='bbox 544 3730 729 3823; x_wconf 77' lang='lat' dir='ltr'>patratione</span> <span class='ocrx_word' id='word_1_344' title='bbox 748 3748 819 3802; x_wconf 82' lang='lat' dir='ltr'>mm</span> <span class='ocrx_word' id='word_1_345' title='bbox 836 3726 1073 3821; x_wconf 84' lang='lat' dir='ltr'>stupendorum</span> <span class='ocrx_word' id='word_1_346' title='bbox 1090 3752 1251 3821; x_wconf 89' lang='lat' dir='ltr'>operum,</span> <span class='ocrx_word' id='word_1_347' title='bbox 1275 3726 1396 3821; x_wconf 87' lang='lat' dir='ltr'>quibus</span> <span class='ocrx_word' id='word_1_348' title='bbox 1416 3729 1587 3823; x_wconf 86' lang='lat' dir='ltr'>Evangelii</span> <span class='ocrx_word' id='word_1_349' title='bbox 1603 3730 1724 3801; x_wconf 84' lang='lat' dir='ltr'>veritas</span> <span class='ocrx_word' id='word_1_350' title='bbox 1745 3724 1862 3801; x_wconf 86' lang='lat' dir='ltr'>confir·</span> 
     </span>
    </p>

    <p class='ocr_par' dir='ltr' id='par_1_21' title="bbox 486 3824 1857 3929">
     <span class='ocr_line' id='line_1_34' title="bbox 486 3824 1857 3929; baseline -0.003 -24"><span class='ocrx_word' id='word_1_351' title='bbox 486 3848 577 3905; x_wconf 86' lang='lat' dir='ltr'>mata</span> <span class='ocrx_word' id='word_1_352' title='bbox 593 3829 650 3901; x_wconf 86' lang='lat' dir='ltr'>est.</span> <span class='ocrx_word' id='word_1_353' title='bbox 702 3833 751 3903; x_wconf 85' lang='lat' dir='ltr'>Et</span> <span class='ocrx_word' id='word_1_354' title='bbox 771 3826 881 3916; x_wconf 75' lang='lat' dir='ltr'>rursus</span> <span class='ocrx_word' id='word_1_355' title='bbox 895 3824 1112 3921; x_wconf 81' lang='lat' dir='ltr'>glorificabo:</span> <span class='ocrx_word' id='word_1_356' title='bbox 1139 3830 1339 3923; x_wconf 86' lang='lat' dir='ltr'>acceptando</span> <span class='ocrx_word' id='word_1_357' title='bbox 1355 3826 1610 3929; x_wconf 71' lang='lat' dir='ltr'>satisfadlionem</span> <span class='ocrx_word' id='word_1_358' title='bbox 1627 3848 1744 3917; x_wconf 88' lang='lat' dir='ltr'>tuam,</span> <span class='ocrx_word' id='word_1_359' title='bbox 1763 3824 1857 3901; x_wconf 66' lang='lat' dir='ltr'>illini</span> 
     </span>
    </p>

    <p class='ocr_par' dir='ltr' id='par_1_22' title="bbox 487 3926 1932 4025">
     <span class='ocr_line' id='line_1_35' title="bbox 487 3926 1932 4025; baseline 0 -24"><span class='ocrx_word' id='word_1_360' title='bbox 487 3956 554 4025; x_wconf 87' lang='lat' dir='ltr'>que</span> <span class='ocrx_word' id='word_1_361' title='bbox 567 3928 715 4003; x_wconf 70' lang='lat' dir='ltr'>frustum</span> <span class='ocrx_word' id='word_1_362' title='bbox 725 3926 792 4003; x_wconf 87' lang='lat' dir='ltr'>tibi</span> <span class='ocrx_word' id='word_1_363' title='bbox 808 3952 847 4000; x_wconf 91' lang='lat' dir='ltr'>ac</span> <span class='ocrx_word' id='word_1_364' title='bbox 865 3928 954 4014; x_wconf 77' lang='lat' dir='ltr'>mir,</span> <span class='ocrx_word' id='word_1_365' title='bbox 974 3948 1014 4001; x_wconf 87' lang='lat' dir='ltr'>ut</span> <span class='ocrx_word' id='word_1_366' title='bbox 1030 3954 1090 4023; x_wconf 88' lang='lat' dir='ltr'>par</span> <span class='ocrx_word' id='word_1_367' title='bbox 1111 3930 1185 4015; x_wconf 86' lang='lat' dir='ltr'>est,</span> <span class='ocrx_word' id='word_1_368' title='bbox 1208 3930 1413 4023; x_wconf 86' lang='lat' dir='ltr'>imputando.</span> <span class='ocrx_word' id='word_1_369' title='bbox 1466 3932 1681 4007; x_wconf 81' lang='lat' dir='ltr'>Omniahuc</span> <span class='ocrx_word' id='word_1_370' title='bbox 1698 3932 1859 4015; x_wconf 87' lang='lat' dir='ltr'>tendunt,</span> <span class='ocrx_word' id='word_1_371' title='bbox 1928 3948 1932 3955; x_wconf 90' lang='grc'><em>·</em></span> 
     </span>
    </p>

    <p class='ocr_par' dir='ltr' id='par_1_23' title="bbox 490 4022 1857 4226">
     <span class='ocr_line' id='line_1_36' title="bbox 490 4022 1857 4129; baseline 0 -26"><span class='ocrx_word' id='word_1_372' title='bbox 490 4052 531 4103; x_wconf 89' lang='lat' dir='ltr'>ut</span> <span class='ocrx_word' id='word_1_373' title='bbox 555 4030 732 4128; x_wconf 84' lang='lat' dir='ltr'>doceamur</span> <span class='ocrx_word' id='word_1_374' title='bbox 753 4030 789 4103; x_wconf 90' lang='lat' dir='ltr'>in</span> <span class='ocrx_word' id='word_1_375' title='bbox 810 4055 907 4124; x_wconf 89' lang='lat' dir='ltr'>opere</span> <span class='ocrx_word' id='word_1_376' title='bbox 931 4030 1145 4103; x_wconf 83' lang='lat' dir='ltr'>redemtionis</span> <span class='ocrx_word' id='word_1_377' title='bbox 1165 4030 1286 4103; x_wconf 81' lang='lat' dir='ltr'>nostrae</span> <span class='ocrx_word' id='word_1_378' title='bbox 1304 4030 1464 4105; x_wconf 88' lang='lat' dir='ltr'>illustrem</span> <span class='ocrx_word' id='word_1_379' title='bbox 1491 4028 1551 4129; x_wconf 78' lang='lat' dir='ltr'>else</span> <span class='ocrx_word' id='word_1_380' title='bbox 1569 4022 1857 4107; x_wconf 72' lang='lat' dir='ltr'>sanctificationem</span> 
     </span>
     <span class='ocr_line' id='line_1_37' title="bbox 490 4130 1631 4226; baseline 0 -21"><span class='ocrx_word' id='word_1_381' title='bbox 490 4132 637 4206; x_wconf 87' lang='lat' dir='ltr'>nominis</span> <span class='ocrx_word' id='word_1_382' title='bbox 653 4134 730 4205; x_wconf 90' lang='lat' dir='ltr'>Dei.</span> <span class='ocrx_word' id='word_1_383' title='bbox 756 4132 809 4205; x_wconf 89' lang='lat' dir='ltr'>Ita</span> <span class='ocrx_word' id='word_1_384' title='bbox 826 4156 904 4225; x_wconf 86' lang='lat' dir='ltr'>ergo</span> <span class='ocrx_word' id='word_1_385' title='bbox 920 4132 1011 4203; x_wconf 82' lang='lat' dir='ltr'>Deus</span> <span class='ocrx_word' id='word_1_386' title='bbox 1032 4130 1099 4226; x_wconf 86' lang='lat' dir='ltr'>ipse</span> <span class='ocrx_word' id='word_1_387' title='bbox 1118 4132 1150 4203; x_wconf 89' lang='lat' dir='ltr'>se</span> <span class='ocrx_word' id='word_1_388' title='bbox 1166 4130 1353 4205; x_wconf 73' lang='lat' dir='ltr'>sanffificat.</span> <span class='ocrx_word' id='word_1_389' title='bbox 1436 4143 1438 4148; x_wconf 79' lang='grc'>’</span> <span class='ocrx_word' id='word_1_390' title='bbox 1608 4163 1631 4181; x_wconf 56' lang='grc'>“«</span> 
     </span>
    </p>

    <p class='ocr_par' dir='ltr' id='par_1_24' title="bbox 304 4222 1858 4345">
     <span class='ocr_line' id='line_1_38' title="bbox 304 4222 1858 4345; baseline -0.008 -32"><span class='ocrx_word' id='word_1_391' title='bbox 304 4222 459 4345; x_wconf 40' lang='lat' dir='ltr'>agg&amp;</span> <span class='ocrx_word' id='word_1_392' title='bbox 483 4303 491 4313; x_wconf 97' lang='lat'><strong><em>.</em></strong></span> <span class='ocrx_word' id='word_1_393' title='bbox 541 4234 592 4307; x_wconf 85' lang='lat' dir='ltr'>X.</span> <span class='ocrx_word' id='word_1_394' title='bbox 617 4234 680 4307; x_wconf 86' lang='lat' dir='ltr'>Sed</span> <span class='ocrx_word' id='word_1_395' title='bbox 699 4236 731 4306; x_wconf 72' lang='lat' dir='ltr'>de</span> <span class='ocrx_word' id='word_1_396' title='bbox 748 4230 792 4305; x_wconf 91' lang='lat' dir='ltr'>ab</span> <span class='ocrx_word' id='word_1_397' title='bbox 808 4232 945 4307; x_wconf 81' lang='lat' dir='ltr'>omnibus</span> <span class='ocrx_word' id='word_1_398' title='bbox 962 4238 1127 4323; x_wconf 67' lang='lat' dir='ltr'>Creaturr&#39;e</span> <span class='ocrx_word' id='word_1_399' title='bbox 1147 4232 1205 4305; x_wconf 87' lang='lat' dir='ltr'>suo</span> <span class='ocrx_word' id='word_1_400' title='bbox 1224 4234 1325 4307; x_wconf 82' lang='lat' dir='ltr'>modo</span> <span class='ocrx_word' id='word_1_401' title='bbox 1340 4230 1571 4309; x_wconf 65' lang='lat' dir='ltr'>sanilificatur..</span> <span class='ocrx_word' id='word_1_402' title='bbox 1601 4234 1778 4323; x_wconf 79' lang='lat' dir='ltr'>Qratenus</span> <span class='ocrx_word' id='word_1_403' title='bbox 1795 4233 1858 4301; x_wconf 87' lang='lat' dir='ltr'>vir·</span> 
     </span>
    </p>

    <p class='ocr_par' dir='ltr' id='par_1_25' title="bbox 304 4330 1861 4431">
     <span class='ocr_line' id='line_1_39' title="bbox 304 4330 1861 4431; baseline -0.007 -17"><span class='ocrx_word' id='word_1_404' title='bbox 304 4363 435 4414; x_wconf 71' lang='lat' dir='ltr'>mauu</span> <span class='ocrx_word' id='word_1_405' title='bbox 489 4352 605 4409; x_wconf 86' lang='lat' dir='ltr'>tutum</span> <span class='ocrx_word' id='word_1_406' title='bbox 622 4335 827 4407; x_wconf 79' lang='lat' dir='ltr'>Divinarrun</span> <span class='ocrx_word' id='word_1_407' title='bbox 850 4334 1018 4427; x_wconf 83' lang='lat' dir='ltr'>gloriam,</span> <span class='ocrx_word' id='word_1_408' title='bbox 1041 4333 1077 4405; x_wconf 90' lang='lat' dir='ltr'>in</span> <span class='ocrx_word' id='word_1_409' title='bbox 1098 4334 1136 4407; x_wconf 88' lang='lat' dir='ltr'>iis</span> <span class='ocrx_word' id='word_1_410' title='bbox 1157 4335 1372 4421; x_wconf 74' lang='lat' dir='ltr'>elucentem,</span> <span class='ocrx_word' id='word_1_411' title='bbox 1393 4336 1526 4428; x_wconf 80' lang='lat' dir='ltr'>Angelis</span> <span class='ocrx_word' id='word_1_412' title='bbox 1545 4354 1644 4431; x_wconf 86' lang='lat' dir='ltr'>atque</span> <span class='ocrx_word' id='word_1_413' title='bbox 1668 4330 1861 4407; x_wconf 72' lang='lat' dir='ltr'>hominibus</span> 
     </span>
    </p>

    <p class='ocr_par' dir='ltr' id='par_1_26' title="bbox 318 4434 1856 4531">
     <span class='ocr_line' id='line_1_40' title="bbox 318 4434 1856 4531; baseline -0.004 -22"><span class='ocrx_word' id='word_1_414' title='bbox 318 4452 325 4461; x_wconf 83' lang='lat'>&#39;</span> <span class='ocrx_word' id='word_1_415' title='bbox 487 4436 753 4531; x_wconf 85' lang='lat' dir='ltr'>conspiciendam</span> <span class='ocrx_word' id='word_1_416' title='bbox 771 4434 935 4531; x_wconf 75' lang='lat' dir='ltr'>praebent</span> <span class='ocrx_word' id='word_1_417' title='bbox 976 4434 1062 4507; x_wconf 89' lang='lat' dir='ltr'>Hoc.</span> <span class='ocrx_word' id='word_1_418' title='bbox 1072 4436 1187 4509; x_wconf 91' lang='lat' dir='ltr'>David</span> <span class='ocrx_word' id='word_1_419' title='bbox 1204 4437 1299 4531; x_wconf 87' lang='lat' dir='ltr'>petiit</span> <span class='ocrx_word' id='word_1_420' title='bbox 1313 4434 1364 4512; x_wconf 87' lang='lat' dir='ltr'>Ps.</span> <span class='ocrx_word' id='word_1_421' title='bbox 1382 4456 1480 4510; x_wconf 81' lang='lat'><em>0111.</em></span> <span class='ocrx_word' id='word_1_422' title='bbox 1502 4458 1560 4515; x_wconf 82' lang='lat'>22.</span> <span class='ocrx_word' id='word_1_423' title='bbox 1586 4438 1776 4511; x_wconf 64' lang='lat' dir='ltr'>nemeaea</span> <span class='ocrx_word' id='word_1_424' title='bbox 1789 4434 1856 4525; x_wconf 69' lang='lat' dir='ltr'>Je-</span> 
     </span>
    </p>

    <p class='ocr_par' dir='ltr' id='par_1_27' title="bbox 484 4535 1853 4711">
     <span class='ocr_line' id='line_1_41' title="bbox 484 4535 1853 4711; baseline -0.004 -100"><span class='ocrx_word' id='word_1_425' title='bbox 484 4538 574 4613; x_wconf 75' lang='lat' dir='ltr'>bova</span> <span class='ocrx_word' id='word_1_426' title='bbox 590 4542 698 4615; x_wconf 71' lang='lat' dir='ltr'>ome</span> <span class='ocrx_word' id='word_1_427' title='bbox 715 4558 814 4639; x_wconf 73' lang='lat' dir='ltr'>opere</span> <span class='ocrx_word' id='word_1_428' title='bbox 829 4536 920 4632; x_wconf 66' lang='lat' dir='ltr'>ejus,</span> <span class='ocrx_word' id='word_1_429' title='bbox 936 4539 972 4609; x_wconf 81' lang='lat' dir='ltr'>in</span> <span class='ocrx_word' id='word_1_430' title='bbox 985 4536 1130 4612; x_wconf 72' lang='lat' dir='ltr'>omibus</span> <span class='ocrx_word' id='word_1_431' title='bbox 1148 4538 1229 4614; x_wconf 84' lang='lat' dir='ltr'>locis</span> <span class='ocrx_word' id='word_1_432' title='bbox 1245 4540 1473 4615; x_wconf 68' lang='lat' dir='ltr'>damantionis.</span> <span class='ocrx_word' id='word_1_433' title='bbox 1488 4541 1573 4637; x_wconf 80' lang='lat' dir='ltr'>ejur.</span> <span class='ocrx_word' id='word_1_434' title='bbox 1601 4535 1650 4613; x_wconf 85' lang='lat' dir='ltr'>l’s.</span> <span class='ocrx_word' id='word_1_435' title='bbox 1669 4556 1785 4711; x_wconf 62' lang='lat' dir='ltr'>mlii</span> <span class='ocrx_word' id='word_1_436' title='bbox 1801 4554 1853 4607; x_wconf 78' lang='grc' dir='ltr'>ιο.</span> 
     </span>
    </p>

    <p class='ocr_par' dir='ltr' id='par_1_28' title="bbox 1690 4646 1859 4713">
     <span class='ocr_line' id='line_1_42' title="bbox 1690 4646 1859 4713; baseline -0.024 0"><span class='ocrx_word' id='word_1_437' title='bbox 1690 4646 1733 4713; x_wconf 84' lang='lat' dir='ltr'>Cr</span> <span class='ocrx_word' id='word_1_438' title='bbox 1787 4648 1859 4709; x_wconf 71' lang='lat' dir='ltr'>rrae</span> 
     </span>
    </p>
   </div>
   <div class='ocr_carea' id='block_1_5' title="bbox 0 0 2082 5150">
    <p class='ocr_par' dir='ltr' id='par_1_29' title="bbox 0 0 2082 5150">
     <span class='ocr_line' id='line_1_43' title="bbox 0 0 2082 5150; baseline 0 0"><span class='ocrx_word' id='word_1_439' title='bbox 0 0 2082 5150; x_wconf 95' lang='lat' dir='ltr'> </span> 
     </span>
    </p>
   </div>
  </div>
 </body>
</html>
