4150 5150
500 475 574 550 152
1028 456 1233 532 Exercitatio
1283 459 1348 534 Xl.
1706 557 1714 564 .

303 655 309 662 -
391 583 398 586 .
509 603 630 678 eodern
641 619 794 705 tempore
806 601 1058 697 prophetarunt
1078 605 1165 678 Eum
1173 603 1417 678 [totvotant
1431 595 1619 709 ’ocadg'u'n
1635 601 1781 678 Videtur
1799 602 1927 679 idem.

510 703 596 791 elle,
615 731 715 800 quem
732 708 922 780 Herodotus
935 695 1064 812 Ἀπρίην
1090 725 1272 800 nuncupat.
1325 707 1378 776 De
1399 727 1466 798 quo
1487 705 1550 824 lroc
1573 705 1659 778 inter
1675 725 1796 780 uetera
1813 733 1884 780 nar·
1951 787 1954 802 ¹

414 827 419 834 ·
455 880 462 893 ,
510 829 564 882 rat
577 807 652 881 Lib.
682 829 739 882 rr.
754 815 831 910 pap.
848 827 972 878 crxrx.
1007 801 1136 904 nauita
1156 789 1191 880 di
1210 786 1356 902 λέγεται
1374 791 1455 878 inan
1473 787 1531 922 {dr
1551 796 1737 926 interiora,
1757 793 1883 916 uuida

512 902 593 982 Θεδν
644 934 669 980 tt
684 891 807 1000 ntdtucc
824 889 999 978 idacius
1023 907 1161 984 acuitur
1173 907 1229 988 ric
1248 897 1443 990 βασιληίης.
1471 929 1540 977 urea
1561 903 1757 1002 α’σφιιλεως
1777 903 1885 1007 ε’ωὶτᾷ

250 1011 255 1018 ’
367 1027 375 1041 ·
507 936 671 1115 idedeina
684 991 799 1082 illua.
825 1011 948 1079 Fertur
965 1010 1090 1102 Apries
1107 1031 1146 1078 ea
1159 995 1256 1100 futffe
1267 1003 1489 1104 persaafioue,
1505 1023 1546 1076 ut
1560 1007 1664 1078 nudus
1673 1032 1778 1106 neque
1794 1011 1881 1081 Deo-

266 2599 271 2616 *
320 2604 497 2722 wilm,
552 2627 772 2703 XXXVII.
799 2627 931 2698 Deinde
956 2627 991 2697 id
1009 2653 1142 2722 quoque
1164 2608 1268 2720 exigit
1291 2622 1480 2731 gratitudo,
1509 2640 1548 2697 ut
1565 2623 1656 2719 quod
1676 2622 1774 2699 nobis
1785 2577 1877 2702 dero-

320 2738 369 2788 uit
381 2734 454 2816 bona

322 2818 360 2855 uo
426 2818 477 2856 rm·

319 2884 443 2937 putemne

320 2942 390 2991 Deo.

308 3249 311 3254 ·
321 3220 458 3273 mnu.

319 3287 457 3403 tutte*

319 3432 433 3476 11811111,

505 1134 583 1182 runa
599 1132 701 1204 neque
714 1109 878 1180 boninum
892 1109 984 1202 poffit
997 1105 1064 1196 fibi
1082 1111 1223 1180 adimere
1242 1130 1393 1200 regnum.-
1415 1108 1493 1193 adeo
1509 1105 1686 1180 videbatur
1699 1107 1764 1198 fabi
1780 1107 1880 1192 flabi-

506 1207 626 1302 liviffe.
654 1209 698 1282 Et
714 1224 847 1293 minen,
859 1203 904 1278 fio
920 1209 1029 1301 pergit
1048 1207 1238 1280 Herodotus
1244 1257 1256 1292 ,
1273 1227 1350 1279 tunc
1363 1200 1539 1300 congressus
1549 1207 1663 1303 prelia
1679 1205 1877 1303 fugatused

507 1310 668 1404 vivufiyue
681 1328 795 1406 captus
809 1313 851 1381 ad
865 1307 978 1382 arbem
997 1313 1088 1396 Scin
1106 1305 1296 1390 initiand,
1322 1311 1357 1379 in
1374 1310 1453 1378 ades
1477 1327 1545 1402 quc
1567 1326 1664 1380 antea
1685 1308 1787 1406 ipssus
1798 1307 1878 1401 fuis-

501 1409 555 1498 set
572 1430 651 1483 tunc
664 1431 778 1484 autem
798 1408 928 1503 Amafis
939 1415 1051 1503 regia:
1078 1415 1268 1507 tandemque
1281 1405 1745 1503 abAEgyptiislirmgulatur.
1774 1411 1880 1484 Scien-

504 1510 589 1584 dum
614 1509 804 1596 tamenest,
829 1535 900 1583 non
923 1511 962 1582 iu
981 1507 1138 1582 omnibus
1157 1509 1331 1583 Herodoto
1353 1507 1568 1602 &prophetis
1586 1512 1784 1582 convenire?
1796 1514 1879 1585 Sane

507 1638 587 1708 quae
603 1613 645 1685 de
661 1613 771 1708 apriis
788 1610 939 1708 superbia
956 1611 1057 1684 tradit
1075 1610 1250 1706 pulchrum
1269 1607 1546 1683 commentarium
1557 1607 1595 1680 iu
1607 1609 1788 1684 Ezechielis
1808 1637 1879 1686 ver-

470 1725 475 1734 '
506 1712 551 1786 ba
570 1713 749 1787 exhibent:
771 1713 870 1787 uti&
887 1712 978 1807 qnod
993 1714 1179 1807 generatim
1195 1712 1236 1784 de
1255 1711 1346 1784 liudo
1366 1709 1436 1802 ejus
1457 1709 1549 1780 exitu
1560 1729 1680 1783 narrat
1707 1714 1878 1786 Caeterum
1954 1771 1958 1778 .

504 1815 703 1890 Herodotus
728 1814 809 1887 dicit
837 1813 1004 1910 AEgtutios
1022 1811 1065 1886 ab
1077 1815 1188 1908 ‘Aprie
1211 1809 1377 1898 defeeiffe,
1408 1813 1441 1884 dt
1466 1807 1601 1884 nmafin
1617 1811 1743 1908 Regem
1761 1813 1876 1888 feciffe.

508 1918 677 2012 Scriptura
694 1937 807 1990 autern
832 1917 957 2002 tradit,
982 1917 1109 2010 Regem
1127 1916 1262 2012 AEgypti
1276 1915 1335 1986 illo
1354 1912 1491 1986 nomine
1511 1911 1673 1986 traditum
1690 1913 1751 1988 elie
1763 1918 1803 1990 in
1814 1939 1880 1990 ma-

504 2045 569 2092 nus
585 2015 905 2110 ’Nebucadnetaarie
923 2019 1043 2090 Ezech.
1057 2041 1137 2088 xxx.
1147 2037 1206 2106 25.
1233 2017 1278 2088 At
1293 2017 1365 2088 hoec
1385 2015 1633 2108 propterviam.
1671 2015 1761 2089 Illud
1773 2015 1879 2090 solum

503 2119 711 2194 intenderam
729 2143 863 2214 urgere,
889 2118 980 2213 quod
992 2143 1065 2192 nou
1079 2114 1179 2214 poffit
1201 2118 1295 2200 Deus
1313 2141 1414 2210 aequo
1434 2115 1550 2187 animo
1563 2113 1647 2188 ferre
1670 2141 1744 2192 eam
1760 2117 1812 2190 sui
1823 2118 1880 2192 ob-

502 2221 688 2307 livionem,
708 2245 775 2314 qua
796 2217 837 2292 fir
853 2239 893 2292 ut
912 2219 1041 2291 Divina
1058 2216 1217 2292 beneficia
1229 2217 1297 2292 suae
1311 2215 1431 2290 miselli
1450 2215 1690 2291 homunciones
1709 2219 1879 2293 industriae

505 2343 564 2396 aut
581 2321 742 2416 potentiue
759 2323 938 2415 imputent
965 2321 1071 2409 Quod
1088 2317 1113 2393 fi
1126 2339 1197 2393 tam
1225 2318 1335 2394 severe
1360 2314 1530 2392 ulciscamur
1540 2316 1577 2389 in
1591 2319 1787 2394 hominibus
1804 2347 1880 2417 gen-

505 2422 643 2510 tilibus,
664 2423 745 2517 quid
762 2448 832 2495 non
854 2405 1110 2517 exspee‘tandunt
1133 2419 1293 2496 haberent
1315 2419 1513 2501 Christiani,
1535 2415 1737 2502 fieodenrse
1762 2423 1879 2518 impie-

503 2526 579 2601 tatis
595 2525 732 2598 erimine
753 2521 1016 2620 obstringerent?
1112 2582 1129 2641 s

504 2754 620 2825 gamm
630 2729 760 2801 Divino
784 2727 988 2823 imputemus
1005 2728 1383 2801 numini.Deut.v111.
1405 2738 1462 2813 18.
1489 2726 1720 2800 Recordaberis
1735 2730 1879 2821 Jehovu

504 2835 576 2905 Dei
601 2834 675 2911 tui,
694 2834 774 2927 quia
790 2830 857 2926 ipse
870 2826 914 2911 ed
933 2832 993 2926 qui
1009 2832 1068 2901 dat
1085 2826 1151 2901 tibi
1167 2821 1337 2900 'virtatem
1349 2830 1390 2901 cd
1402 2830 1648 2924 comparandum
1666 2833 1877 2925 opulentiam.

501 2928 585 3005 vers.
600 2952 728 3006 10011.
754 2932 1102 3028 Quumcomedetis&
1114 2926 1424 3023 saturaturfucris,
1450 2926 1616 3003 benedices
1631 2930 1775 3021 Jebovu
1804 2934 1878 3004 Deo

500 3050 559 3107 tuo
571 3036 607 3106 in
621 3033 678 3106 ilia
700 3052 792 3109 terra
806 3036 930 3132 optima
947 3054 1045 3131 quam
1057 3032 1191 3105 dederit
1197 3026 1274 3110 tibi.
1297 3036 1384 3103 Cave
1401 3026 1484 3115 tibi,
1497 3054 1537 3103 ne
1556 3026 1756 3120 obliviscare
1766 3032 1879 3125 ¹Jebo·

501 3158 551 3206 vu
567 3138 639 3208 Dei
655 3139 718 3206 tui.
1287 3177 1292 3183 -
1469 3193 1472 3199 .

552 3232 802 3307 XXXVII'I.
827 3231 930 3306 Porro
953 3230 1015 3305 ista
1036 3230 1178 3305 Divinae
1197 3228 1357 3306 bonitatis
1382 3228 1560 3307 celebratio
1585 3258 1656 3330 non
1684 3234 1753 3309 solu
1778 3253 1878 3330 gratae
1979 3304 1980 3307 ,

504 3336 625 3408 mentis
642 3332 810 3427 agnitione
831 3332 980 3419 coullat2
999 3357 1108 3427 neque
1126 3332 1236 3406 verbis
1249 3330 1447 3407 absolvitur:
1464 3332 1517 3406 sed
1529 3335 1563 3407 id
1582 3336 1681 3415 etiam
1696 3336 1877 3432 importat,

503 3454 544 3508 ut
556 3434 653 3508 bonis
671 3436 777 3507 alDeo
800 3430 975 3519 concellus,
1000 3432 1182 3507 seumdtun
1198 3433 1300 3530 iplius
1313 3436 1544 3523 voluntatem,
1574 3439 1609 3510 dt
1623 3436 1664 3509 ad
1685 3434 1788 3534 iplius
1810 3438 1879 3533 glo·

501 3540 588 3613 riam
603 3554 748 3610 utamur.
783 3536 871 3608 Dico
889 3538 1044 3610 utendum
1062 3530 1122 3607 effe
1143 3533 1239 3608 bonis
1250 3536 1326 3609 Dei.
1357 3536 1441 3609 Non
1459 3538 1551 3610 eninr
1568 3538 1605 3611 in
1619 3564 1659 3611 eo
1673 3538 1728 3611 vel
1741 3538 1878 3634 frugali⁴

501 3658 552 3713 ms
566 3633 713 3715 confiuit
736 3636 793 3711 vel
811 3638 934 3732 putat,
960 3661 1042 3731 quas
1059 3660 1173 3714 tamen
1198 3640 1336 3711 virtutes
1356 3638 1455 3728 multi
1474 3658 1533 3713 aut
1553 3640 1707 3715 avaritiae
1733 3639 1803 3713 suae
1820 3658 1879 3713 aut

501 3740 720 3836 hypocriticae
727 3737 949 3833 superstitioni
954 3756 1158 3832 praetexunt,
1170 3756 1208 3810 ut
1221 3738 1371 3811 nostrum
1385 3738 1615 3815 defraudemus
1628 3744 1764 3835 genium
1772 3794 1783 3829 ,
1801 3744 1876 3815 &in

500 3844 642 3916 Divinae
658 3840 873 3935 benignitatis
890 3833 1067 3912 affluentia
1075 3838 1213 3933 parce&
1235 3866 1297 3912 nos
1313 3838 1398 3934 ipsos
1414 3842 1537 3914 &ulios
1546 3842 1760 3935 excipiamus.
1792 3846 1877 3917 Hane

500 3968 569 4018 una
585 3966 697 4015 earum
725 3942 910 4015 vanitatum
921 3938 987 4022 est,
1008 3966 1089 4035 quas
1103 3942 1145 4011 ex
1170 3940 1309 4015 humani
1324 3942 1452 4036 ingenii
1479 3942 1619 4016 stultitia
1635 3962 1721 4017 ortas
1737 3946 1877 4017 nonim-
1901 4024 1905 4031 ,

502 4046 625 4123 merito
641 4038 997 4140 sugillatEcclesrastes.
1012 4043 1214 4137 Cap.v1.·1.
1232 4062 1266 4123 2.
1314 4038 1369 4123 Eli
1388 4044 1507 4116 nalum
1526 4048 1611 4138 quod
1624 4050 1701 4119 vidi
1716 4046 1774 4135 [ab
1786 4046 1875 4135 sole,

500 4152 598 4245 idque
624 4151 801 4219 maximum
828 4144 922 4241 super
954 4144 1119 4218 honines:
1151 4144 1234 4219 Viro
1265 4148 1319 4217 cui
1349 4146 1475 4218 dederit
1501 4149 1596 4218 Deus
1615 4145 1682 4242 ipse
1714 4150 1875 4225 divitiae,

383 4274 390 4284 ·
496 4246 799 4343 facultatesque&
820 4246 990 4326 honorem,
1011 4248 1054 4319 (a
1077 4246 1171 4341 cujus
1183 4249 1310 4319 animus
1327 4270 1388 4319 non
1406 4242 1600 4327 destituatur
1621 4246 1689 4319 uda
1705 4274 1741 4321 re
1748 4272 1814 4344 qua
1826 4244 1877 4318 de·

500 4348 659 4430 ledetur,
682 4370 781 4441 quum
806 4346 956 4419 huicnon
975 4344 1062 4436 fecit
1076 4351 1201 4443 copiam
1222 4352 1318 4421 Deus
1340 4346 1405 4443 ipsc
1415 4344 1551 4439 fruendi
1575 4372 1613 4421 re
1639 4348 1793 4437 illatsed
1819 4350 1877 4418 vir

391 4480 395 4488 ·
501 4450 627 4521 alimus
644 4445 778 4541 fluitur
794 4447 862 4519 illa.
913 4440 1188 4521 Hoc'vanitatcm
1213 4448 1256 4522 d·
1277 4450 1498 4543 egritudinem
1514 4444 1585 4538 effe.
1639 4448 1692 4521 lta
1712 4450 1772 4543 qui
1787 4444 1878 4519 insti-

504 4551 591 4637 tuit,
616 4548 667 4637 is,
685 4542 804 4643 infigui
817 4547 1008 4637 deruentia,
1034 4547 1072 4625 iu
1089 4546 1352 4647 mediiedivitiis
1376 4544 1483 4647 ipsum
1502 4546 1566 4622 sese
1583 4546 1876 4743 papereilifa'iit'i

753 4728 758 4733 .
800 4678 811 4687 ·
1712 4678 1731 4728 c
1781 4676 1816 4723 vr
1830 4674 1876 4723 n·
