4150 5150
101 1205 102 1208 Ἴ
207 1119 365 1215 jubentis.
392 1125 579 1198 Secundum
594 1129 683 1202 iliam
702 1155 773 1203 non
786 1131 863 1204 vult
882 1130 976 1204 Deus
994 1127 1097 1204 nobis
1120 1130 1155 1204 in
1173 1149 1260 1203 terra
1277 1128 1484 1204 moran-tibus
1505 1129 1584 1202 dare

637 468 692 542 De
710 453 860 542 anna
881 463 1066 541 voluntate
1082 461 1168 540 Dei.
1304 523 1309 530 .
1390 441 1427 452 '⁹
1512 481 1584 557 ¹29
1694 505 1697 510 ·

234 667 239 672 -
261 617 308 693 X.
333 615 443 715 Atque
465 618 539 694 haec
560 593 746 698 observatio
770 623 899 699 aditum
919 621 1015 698 nobis
1035 621 1116 699 facit
1132 621 1174 697 ad
1197 619 1397 700 solutionem
1417 649 1487 700 non
1504 649 1583 698 con·
1594 643 1624 758 ἰκῃ
1643 639 1768 758 ίιείὣιωε

160 739 165 744 ’
189 815 197 822 .
213 721 401 793 temnendae
417 719 640 812 difficultatis,
659 727 796 800 liceatne
811 728 849 804 in
865 749 948 800 terra
959 737 1055 821 prece
1068 725 1238 822 exposcere
1251 727 1395 800 eundern
1411 726 1582 822 perfettio-
1594 771 1707 826 eunoun

211 820 266 891 nis
284 822 421 916 gradum
444 825 501 918 qui
524 820 562 894 in
582 827 673 898 coelis
693 826 853 902 obtinet?
879 828 930 903 Ad
952 851 1055 924 quam
1075 827 1293 924 qutestionem
1313 829 1376 901 hoc
1393 827 1460 902 fere
1479 829 1581 902 modo
1594 839 1760 908 perentam

101 973 102 977 =
211 919 476 1015 respondendnn
490 925 574 996 mihi
589 925 651 1000 effe
667 929 810 1001 videtur.
834 926 995 1001 Diffinee
1009 929 1064 1000 hic
1081 926 1314 1001 consideranda
1335 931 1502 1018 veniunt,
1522 937 1582 1004 Oe·
1593 908 1698 975 gratum
1711 921 1754 958 ‘¹‘

101 1049 105 1056 ·
209 1029 355 1098 canenda
375 1029 510 1098 Divinae
526 1029 712 1113 voluntatis
730 1033 955 1115 decernentis,
975 1033 1009 1102 &
1030 1036 1227 1128 Preceptum
1247 1034 1381 1104 Divite
1397 1031 1582 1103 voluntatis
1595 971 1758 1092 ιριῗΐῖἓὲἶῑι(11Ιί
1854 1019 1861 1033 ’

1595 1106 1709 1162 obtinet.

210 1221 445 1316 perfectionen
463 1227 624 1302 coelitum.
660 1231 706 1304 Et
719 1231 802 1303 dum
814 1230 960 1327 petimus
977 1249 1017 1303 ut
1029 1233 1188 1304 voluntas
1206 1231 1277 1325 ejus
1291 1257 1348 1326 per
1367 1233 1482 1304 omnia
1499 1229 1584 1319 fiat,

101 1354 102 1361 ¹
211 1318 309 1397 simui
330 1327 549 1420 protestamur
564 1355 626 1403 nos
641 1331 732 1404 inea
749 1358 883 1426 quoque
902 1330 1141 1426 dispensatione
1159 1333 1224 1406 Dei
1247 1331 1467 1426 acquiescere,
1488 1351 1526 1406 ut
1539 1330 1586 1404 sa·

210 1425 459 1521 pienti‚justa,
489 1429 601 1518 bona,
624 1428 788 1528 nobisq'ue
816 1433 951 1506 tandem
981 1433 1139 1520 evasura,
1168 1427 1204 1504 in
1222 1433 1363 1505 bonum.
1397 1433 1587 1506 Secundum

209 1527 271 1602 doc
288 1545 462 1617 tenemur,
476 1532 504 1604 Ι.
520 1531 760 1608 Perstetionem
775 1532 939 1609 coelestem
949 1558 1059 1606 amare
1070 1559 1109 1606 ac
1123 1531 1313 1606 defiderare.
1350 1535 1393 1606 Ii.
1413 1534 1620 1606 omnibu--
1734 1565 1751 1593 r

211 1629 395 1702 nantineeo
415 1632 488 1704 niti.
515 1633 575 1705 ΙΠ.
589 1632 796 1707 Desiderium
808 1633 945 1716 iiludac
960 1644 1128 1708 'conamen
1141 1636 1216 1708 Deo
1230 1631 1378 1729 precibus
1392 1633 1511 1708 nostris
1530 1659 1587 1729 ex-

209 1753 351 1824 ponere,
377 1751 532 1827 rogantes
553 1756 593 1806 ut
611 1738 647 1808 in
670 1755 759 1809 terra
775 1761 878 1831 quarn
897 1737 1049 1831 proxime
1066 1763 1127 1810 nos
1147 1735 1188 1818 ad
1201 1733 1438 1831 persedionem
1452 1760 1588 1830 promo·

209 1849 309 1916 veae,
336 1832 445 1908 donec
461 1859 535 1908 eam
561 1835 719 1910 omnibus
743 1838 892 1911 numeris
907 1836 976 1910 suis
999 1834 1184 1912 absolutam
1211 1835 1438 1910 nanciscamur
1458 1837 1495 1909 in
1521 1859 1590 1928 poe-

207 1929 259 2006 sis.
280 1933 370 2005 Phil.
392 1959 476 2011 111.
506 1957 642 2028 12.13.
668 1961 725 2034 14.

254 2033 330 2108 XI.
361 2037 475 2110 Mul-ta
497 2034 596 2110 nobis
612 2040 745 2113 virtutis
763 2033 952 2117 officiebat
971 2063 1063 2134 parte
1081 2037 1270 2112 Dominicae
1287 2037 1453 2112 orationis'
1480 2035 1586 2110 incul-
1600 2071 1642 2123 tr.
1662 2065 1749 2120 rents

205 2151 336 2208 eantur.
394 2139 438 2210 Et
457 2139 566 2232 primo
581 2142 716 2234 quidem
737 2139 892 2214 discimus
910 2140 1021 2226 nostre
1036 2137 1135 2212 nobis
1154 2161 1230 2212 ante
1256 2141 1371 2213 omnia
1397 2143 1586 2214 retundan-
1598 2133 1772 2254 ἓξὲξ·

207 2237 280 2306 dum
308 2234 373 2329 effe
401 2242 581 2318 voluntati.
632 2243 727 2314 Dum
754 2243 845 2314 enim
881 2242 1044 2314 Divinam
1068 2237 1139 2313 fieri
1162 2241 1323 2336 petimus,
1353 2235 1447 2312 simui
1478 2238 1774 2322 osten-nundum.

206 2337 319 2412 dimus
345 2341 487 2432 aequum
518 2338 580 2414 esset
598 2360 640 2415 ut
662 2343 774 2415 nostra
791 2343 822 2415 ei
838 2341 1062 2417 submittatur.
1106 2345 1151 2418 Et
1169 2341 1392 2416 sane'Divina
1407 2340 1585 2428 voluntas,
1599 2337 1705 2394 ¹⁰³¹&-

101 2461 102 2466 ’
205 2464 316 2534 quum
335 2437 489 2534 suprema
502 2437 562 2529 sit,
583 2445 698 2517 omnia
713 2463 835 2538 preeter
850 2443 931 2516 sein
948 2441 980 2516 se
1001 2441 1168 2518 absorberi
1186 2444 1307 2517 merito
1323 2441 1477 2538 postulat.
1510 2443 1589 2517 No·
1684 2501 1689 2510 .

160 2590 177 2607 υ
207 2539 272 2618 suu
287 2560 407 2615 autem
424 2547 602 2617 inimicitia
620 2565 734 2619 contra
749 2545 1156 2629 Deumed.Rom.v111.
1171 2567 1205 2639 7.
1233 2544 1434 2619 Decernenti
1451 2544 1589 2620 obmur-
1635 2545 1636 2552 ’

208 2668 368 2729 mutans,
382 2664 497 2717 eontra
511 2646 760 2741 praecipientem
777 2644 1021 2741 concupiscens.
1048 2646 1145 2720 Nihil
1158 2644 1253 2719 nobis
1276 2672 1314 2720 ea
1337 2647 1441 2719 curnis
1467 2646 1590 2721 nostrae

206 2746 389 2821 voluntate
407 2746 567 2820 intimius.
619 2748 731 2824 sed&
753 2749 839 2821 nihii
853 2750 1036 2822 nocentius.
1089 2750 1136 2821 Ea
1152 2750 1189 2819 in
1204 2745 1300 2821 nobis
1321 2748 1432 2819 omnis
1443 2748 1535 2822 taedii
1552 2770 1590 2820 ac

207 2842 472 2943 perturbationis
498 2842 592 2933 sone,
611 2848 807 2922 domesticus
821 2849 942 2936 hostis,
966 2849 1146 2923 continuus
1160 2851 1278 2947 quietis
1300 2870 1400 2944 atque
1420 2838 1591 2945 ἐυθνμῖισ
1657 2934 1661 2943 ,

102 3002 108 3017 .
207 2947 337 3023 nostrat
356 2944 469 3018 turbo.
505 2948 604 3020 Nihil
623 2952 754 3036 adium,
773 2952 879 3025 donec
895 2950 1083 3023 monstrum
1097 2950 1182 3025 illud
1198 2949 1484 3023 debellaverimus.
1514 2947 1592 3021 lto.

208 3050 283 3123 lum
293 3046 381 3121 iliud
390 3098 402 3133 ‚
412 3046 505 3141 quod
514 3072 629 3122 omnes
641 3050 768 3145 ubique
776 3069 935 3123 tetrarum
949 3052 1102 3125 mortales
1114 3048 1517 3147 reiigiosdiimeadorant‚
1535 3049 1592 3121 de·

206 3148 418 3227 turbandum
435 3147 500 3222 suo*
512 3150 606 3222 altari
618 3148 675 3223 est.
728 3153 837 3245 Atque
853 3152 900 3224 ita
915 3152 1166 3247 componendus
1184 3152 1231 3226 est
1247 3150 1397 3239 animus,
1423 3172 1462 3223 ut
1486 3148 1591 3223 dicere

208 3252 287 3327 Deo
306 3246 427 3345 possit,
448 3276 520 3323 non
537 3250 643 3325 habeo
661 3276 721 3347 ego
736 3253 945 3326 voluntatem
964 3254 1133 3335 Dontine;
1154 3272 1213 3327 tua
1236 3276 1311 3327 mea
1332 3252 1386 3325 est.

260 3353 360 3427 XII.
389 3352 499 3425 Unica
517 3354 591 3425 haec
612 3352 717 3427 estad
735 3378 852 3427 veram
875 3355 1148 3450 tranquillitatem
1158 3356 1226 3427 via.
1279 3359 1398 3444 Qum
1415 3354 1506 3426 enim
1518 3346 1591 3424 fieri
1606 3364 1660 3413 m·
1703 3356 1762 3476 '³s'

207 3478 286 3533 non
298 3446 422 3546 possit,
445 3472 486 3526 ut
503 3478 710 3550 quaecunque
731 3455 893 3545 eveniunt
915 3455 964 3529 ie
976 3458 1134 3529 eveniant
1151 3452 1238 3531 sicut
1250 3480 1312 3528 nos
1328 3454 1505 3541 volumus,
1533 3476 1590 3525 ne
1603 3424 1778 3545 ξῇὴξξῶζ,

116 3591 121 3599 ·
207 3545 293 3633 cesse
312 3551 362 3624 est
378 3551 530 3627 animum
550 3580 627 3641 cum
642 3555 728 3629 sorte
748 3554 807 3627 sua
823 3556 923 3628 rixari
935 3555 1055 3630 'donec
1082 3557 1119 3628 in
1136 3556 1348 3630 concordiam
1366 3577 1444 3628 cum
1464 3552 1591 3651 Divina
1605 3560 1768 3641 qunti-item

138 3746 145 3749 ,
208 3652 425 3755 providentia
440 3658 580 3728 venerit.
632 3660 816 3751 Quumque
837 3653 1101 3758 iniquissimum,
1123 3682 1231 3753 neque
1255 3654 1461 3751 impetrabile
1478 3640 1763 3749 postu-⁹⁹¹!‘m'

209 3760 322 3833 latum
337 3752 397 3829 sit,
422 3774 464 3829 ut
492 3754 662 3852 supremus
684 3782 793 3830 rerum
807 3756 931 3831 arbiter
948 3758 1045 3831 cedat
1066 3758 1305 3841 homuncioni,
1336 3760 1368 3831 u
1387 3758 1479 3830 Deua
1499 3755 1592 3835 suam

208 3859 426 3936 voluntatem
445 3859 604 3934 humanae
617 3858 844 3931 accommodet
850 3888 865 3947 3,
880 3859 966 3933 nihil
978 3861 1020 3932 ad
1037 3882 1151 3955 pacem
1172 3858 1407 3956 acquirendum
1421 3862 1453 3933 ἃ
1466 3856 1594 3933 conser-

207 3958 365 4033 vandam
386 3956 550 4054 superest,
580 3958 642 4034 nisi
659 3978 698 4033 ut
715 3962 818 4034 homo
835 3957 905 4032 fine
917 3986 1088 4035 murmure
1104 3984 1184 4036 vota
1201 3960 1259 4037 sua
1285 3962 1400 4034 omniu
1420 3958 1596 4033 submittat
1666 4036 1671 4043 ,

208 4062 314 4145 Deo,
329 4078 390 4131 aut
408 4063 517 4154 potius
533 4062 627 4134 nulla
646 4060 770 4135 formet
785 4078 903 4156 praeter
916 4062 982 4135 boc
1005 4088 1134 4150 unum,
1153 4082 1193 4135 ut
1203 4062 1330 4137 Divina
1355 4060 1414 4136 fiat
1425 4063 1593 4137 voluntas.

122 4252 127 4263 Ι
208 4160 310 4240 Adeo
334 4159 487 4251 quidem,
518 4158 606 4235 utsi
634 4162 824 4237 securitatem
848 4162 979 4236 homini
1000 4164 1192 4238 concederet
1206 4164 1298 4236 Deus
1316 4164 1478 4259 quidquid
1501 4160 1595 4235 lubet

212 4258 412 4355 expetendi,
430 4262 514 4336 nibil
532 4262 565 4335 se
579 4280 687 4357 petere
705 4261 829 4337 sincere
845 4263 1061 4358 protestetur,
1083 4260 1144 4338 nisr
1170 4284 1209 4339 ut
1223 4265 1257 4337 id
1276 4262 1375 4337 saciet
1392 4265 1484 4337 Deus
1506 4258 1598 4358 quod

210 4361 309 4438 sactu
327 4358 394 4456 ipse
411 4364 509 4437 novit
521 4383 721 4457 optumum3
746 4367 822 4439 Deo
832 4364 990 4439 omnium
1009 4386 1168 4441 votorum
1181 4364 1314 4439 suorum
1329 4366 1503 4460 optionem
1525 4360 1600 4435 red·

120 4532 124 4537 ,
207 4464 298 4539 dent
310 4484 411 4559 atque
427 4460 605 4557 resignans.
630 4466 670 4539 Id
689 4464 747 4538 ubi
759 4466 889 4551 ttnobis
902 4468 1211 4561 impetraverimus,
1229 4484 1311 4542 tuno
1330 4468 1470 4541 demum
1487 4462 1600 4538 nostra

211 4563 347 4665 semper
361 4564 531 4659 potiemur
550 4566 726 4648 voluntate
732 4620 746 4662 ,
761 4570 795 4645 dt
813 4564 910 4649 brevi
929 4574 1166 4666 perveniemus
1184 4570 1228 4651 ad
1244 4592 1318 4648 eam
1330 4558 1509 4666 tabido,
1524 4585 1602 4659 quae
1700 4621 1707 4635 ·

376 4672 477 4749 Orat.
503 4670 607 4754 Dum.
1004 4671 1038 4755 R
1454 4664 1605 4745 tonsum-
1683 4696 1688 4701 ¹
