4150 5150
766 457 821 531 D'e
847 457 1022 534 outone
1064 518 1068 524 ,
1102 553 1106 557 q
1501 525 1504 528 .
1536 476 1583 546 19

211 607 250 678 tis
265 600 342 678 suae
362 603 488 676 indiciis
508 600 629 697 prodit
680 603 756 677 Imo
779 623 920 678 meretur
940 600 1072 696 disquiri
1092 623 1137 672 an
1157 619 1227 674 uon
1251 599 1360 676 sonna
1380 599 1445 678 Dei
1459 599 1578 696 allega-

210 710 249 778 tis
270 707 351 778 locis
374 723 467 778 notet
490 729 563 778 earn
582 701 683 798 ipsum
702 705 841 780 Divinae
860 702 1041 795 slsajestruis
1059 700 1371 774 demonstrationem
1388 727 1465 796 quoe
1476 705 1514 776 in
1524 705 1578 776 Fi·

197 809 254 880 lio
266 807 331 877 Dei
348 807 461 877 elucet.
487 805 580 876 Nam
597 805 665 877 illic
685 801 845 897 singulare
861 803 986 896 aliquid
1002 800 1093 876 Moli
1110 825 1179 895 pree
1196 805 1321 876 caeteris
1335 801 1492 876 tribuitur
1502 830 1579 898 pro-

197 908 326 1001 phetis.
364 911 482 995 Quum
498 930 574 998 ergo
589 903 700 976 coeteri
718 930 851 998 quoque
869 902 1001 976 illustria
1014 903 1155 976 Divinae
1169 902 1350 994 ntajestatis
1369 903 1489 975 indicia
1501 929 1580 978 con-

196 1007 322 1102 -spitati
341 1003 423 1080 snt,
444 1002 534 1078 Mofi
554 1023 665 1076 autem
684 1006 777 1076 Deus
798 1005 924 1078 locustas
940 995 986 1076 lit
1006 1029 1064 1080 ore
1085 1002 1126 1073 ad
1144 1028 1204 1082 os,
1224 999 1502 1090 familiarissime,
1526 1023 1578 1078 at-

211 1133 275 1202 que
286 1108 313 1178 is
326 1105 470 1180 sormam
481 1105 545 1176 Dei
559 1103 773 1197 conspexerit,
786 1107 875 1200 quod
893 1129 962 1178 non
978 1103 1119 1196 contigit
1135 1103 1207 1174 aliis
1220 1131 1231 1182 3
1253 1103 1388 1197 cogitari
1402 1103 1522 1197 potest,
1532 1131 1577 1178 an

208 1234 279 1282 uon
299 1205 453 1278 credibile
474 1203 513 1277 fit
531 1255 542 1290 ,
562 1207 673 1278 Deum
693 1204 721 1276 ei
743 1203 921 1298 apparuisse
937 1227 973 1276 ea
991 1201 1094 1296 specie
1113 1205 1259 1275 lrurnuna
1276 1229 1340 1300 qua
1357 1205 1510 1298 deinceps
1528 1207 1581 1278 vi-

195 1309 262 1380 ssus
283 1307 330 1379 est
348 1308 373 1380 F
375 1307 451 1379 ilius
471 1307 537 1377 Dei
554 1347 573 1391 ,-
590 1303 635 1378 stc
652 1325 690 1378 ut
704 1305 740 1376 in
754 1329 793 1377 eo
810 1305 991 1400 splenderet
1007 1303 1113 1397 gloria
1134 1295 1421 1397 velutiunlgeniti
1435 1307 1578 1387 aPatre.

127 1415 131 1426 ’
196 1411 254 1482 -Et
276 1408 354 1480 sane
373 1403 416 1478 in
441 1431 480 1480 eo
506 1405 678 1478 beatitudo
706 1405 883 1478 hominum
902 1403 962 1501 sita
985 1403 1054 1490 est,
1074 1401 1189 1498 quod,
1210 1403 1230 1474 ὲ
1249 1402 1366 1482 somno
1381 1407 1499 1479 mortis
1522 1429 1580 1478 ex-

198 1509 304 1583 citari
321 1558 344 1593 ,.
355 1507 522 1581 Christum
544 1503 637 1580 ficuti
658 1505 707 1578 est'
719 1505 821 1578 visuri
839 1505 940 1589 sunt,
961 1507 1001 1580 ,δι
1015 1504 1051 1576 in
1068 1529 1108 1576 eo
1128 1505 1286 1597 reperturi
1305 1504 1489 1578 satietatem
1500 1529 1580 1599 geu-

185 1675 186 1678 ,
208 1611 267 1683 dii.
299 1609 414 1704 1'Joh:
433 1630 514 1682 111:
533 1626 566 1682 2.
594 1605 666 1678 Col.
690 1629 770 1680 111.
789 1631 827 1702 4⁶
866 1604 1041 1698 Qudquid
1058 1601 1123 1689 s1t,
1143 1605 1264 1679 Forma
1282 1605 1347 1678 Dei
1369 1605 1417 1678 est
1433 1604 1501 1700 ipsa
1517 1607 1579 1678 Di-

208 1711 355 1794 vinitas,
375 1705 551 1780 illustribus
570 1703 745 1800 scindieiis
764 1708 919 1802 prodens.
947 1711 1068 1792 Quum
1076 1705 1176 1799 igitur
1184 1704 1331 1780 Cluilius
1343 1708 1381 1778 in
1395 1705 1503 1778 formu
1512 1707 1580 1778 Dei
1665 1749 1672 1754 ·

210 1809 306 1887 fuisse
325 1809 464 1894 dieitur,
484 1809 753 1895 innuitur,eum
767 1841 781 1893 ,·
800 1813 851 1880 uti
868 1831 964 1886 verus
983 1807 1077 1878 Deus
1095 1805 1141 1877 est
1151 1853 1163 1890 ,
1186 1807 1233 1876 ita
1246 1805 1278 1877 se
1293 1833 1358 1900 qua
1375 1806 1476 1881 talem
1492 1807 1577 1879 olim

198 1907 405 1997 ostendisse,
430 1917 532 2004 etque
549 1907 662 1980 forma·
673 1907 783 1982 visum
800 1906 861 1982 esse
877 1909 914 1984 in
928 1929 993 2002 qua
1011 1901 1303 1980 luculentissimum
1316 1904 1393 1982 esset
1410 1904 1579 2012 praeseptis
1611 1913 1618 1923 ‘

146 2089 150 2103 ,
199 2012 355 2086 -Deitatis
374 2007 581 2102 symbolum:
1230 2031 1234 2036 ·
1284 2067 1294 2071 -

260 2112 437 2184 ΧΧΧΙΙ.
466 2111 551 2182 Haec
571 2110 613 2182 de
623 2111 742 2184 Forma
758 2107 832 2182 Dei.
859 2109 962 2188 Nunc
975 2107 1148 2182 videamus
1164 2107 1243 2202 quid
1260 2105 1301 2184 fit
1317 2098 1395 2184 eber
1412 2098 1475 2186 Ire
1488 2113 1576 2188 eeu.
1604 2134 1730 2186 xxrrr.

210 2213 317 2287 Aeute
335 2211 544 2284 observatum
562 2210 607 2284 est
624 2211 668 2283 ab
686 2207 902 2286 eruditiffimo
928 2213 1132 2302 interprete,
1154 2208 1398 2303 distinguendus
1414 2210 1475 2284 esse
1493 2189 1576 2286 duis
1588 2195 1748 2319 ffi‘lsff‘ffi'

211 2311 354 2408 phrases,
364 2301 440 2386 rium
460 2303 527 2384 seer
539 2311 622 2411 Θεῷ,
636 2314 669 2384 tt
686 2301 764 2384 tirou
783 2298 846 2384 ise
860 2312 946 2412 Θιῷ.
968 2309 1056 2384 Illud
1073 2333 1115 2380 ex
1130 2309 1208 2402 Johr
1221 2335 1256 2382 v:
1271 2323 1328 2396 18.
1355 2332 1452 2384 notet
1466 2336 1580 2407 parem
1593 2284 1649 2388 seen
1660 2283 1728 2386 oso.

211 2412 274 2486 esse
294 2414 379 2486 Deo.
416 2411 494 2483 Hoc
512 2428 624 2482 eutem
641 2427 738 2486 notat
760 2433 911 2503 apparere
927 2429 1087 2505 tanquam
1108 2410 1249 2497 Deum,
1275 2411 1321 2484 ita
1344 2409 1376 2483 se
1395 2437 1524 2506 gerere,
1542 2433 1584 2487 ut

212 2518 290 2589 Deo
312 2539 369 2610 par
392 2513 463 2598 est,
482 2511 519 2583 in
538 2509 819 2586 demonstratione
833 2511 972 2585 Divinre
992 2508 1174 2598 Maiestatis
1191 2533 1229 2585 ac
1247 2509 1377 2604 gloriae,
1428 2518 1585 2589 Non-de·

202 2642 288 2691 -cere
313 2638 374 2711 pro
397 2633 519 2708 raptu,
550 2613 597 2685 est
622 2612 802 2685 existimare
823 2660 835 2698 ,
860 2612 962 2687 talem
992 2614 1158 2685 astionem
1182 2636 1252 2683 non
1277 2610 1338 2685 esse
1361 2612 1586 2707 sacrilegium,

158 2802 163 2811 ,
214 2742 283 2813 quo
303 2718 377 2789 Deo
395 2712 531 2805 eripitur
542 2718 560 2797 ,⁴
571 2712 729 2808 alterique
745 2711 961 2800 attribuitur,
986 2712 1078 2807 quod
1097 2713 1176 2783 Deo
1191 2713 1360 2805 proprium
1382 2738 1515 2787 manere
1532 2716 1590 2786 de-

105 2826 106 2835 ’
203 2818 328 2890 bebat.
382 2818 473 2902 Quae
490 2815 603 2894 omnia
622 2812 647 2887 sr
664 2816 865 2907 jungauttu,
885 2812 993 2906 sensrrs
1015 2812 1096 2885 disti
1117 2812 1169 2883 liic
1192 2813 1276 2886 eritr
1299 2814 1448 2887 Christus
1459 2866 1470 2900 ,
1486 2840 1589 2910 quum

105 2936 106 2943 ’
213 2944 315 2992 verus
338 2917 428 2992 Deus
452 2910 528 2985 esset
545 2963 556 2999 ,
575 2912 781 3009 speciemque
799 2914 944 2989 Deitatis
961 2910 1194 3007 aspectabilem
1212 2901 1474 2987 luculentissimis
1491 2942 1590 3009 eppa-

206 3016 395 3093 .ritiooibus
415 3016 484 3106 jam
500 3013 582 3085 olim
606 3040 675 3108 pree
699 3014 731 3085 se
751 3008 871 3087 tulisset
886 3040 909 3095 .;¹
928 3016 1082 3107 deinceps
1100 3036 1232 3107 quoque
1252 3013 1480 3102 existimavit,
1504 3015 1591 3110 posse

105 3118 106 3147 ³
204 3120 248 3192 se
267 3118 336 3191 sine
355 3116 426 3189 ullo
447 3112 609 3209 sacrilegio
630 3116 741 3209 palam
759 3111 791 3186 se
813 3112 921 3195 verbis
941 3114 1098 3208 fauisque
1115 3114 1229 3185 Deum
1252 3111 1408 3201 asserere,
1431 3134 1591 3210 tantoque
1696 3192 1700 3200 ,

105 3272 106 3281 ,
215 3220 357 3293 Divinae
373 3214 562 3308 Mujellutis¹
574 3214 701 3310 fulgore
718 3214 872 3289 omnium
889 3214 1112 3309 aspicientium
1136 3214 1249 3289 oculos
1266 3213 1382 3300 ferire,
1398 3234 1436 3287 ut
1452 3242 1593 3291 omnem

105 3334 106 3339 ’
205 3319 487 3402 dubitationem,
512 3316 857 3394 &contraditionem
873 3316 1069 3389 excluderet.
1096 3311 1201 3387 Fuisse
1219 3312 1471 3403 summersae,
1492 3342 1592 3411 prop-

207 3441 269 3495 ter
288 3444 370 3515 ques
389 3418 426 3489 id
448 3412 553 3489 fucere
574 3418 617 3489 ad
634 3436 764 3511 tempus
787 3440 858 3488 non
887 3416 1022 3492 duxerit
1048 3411 1109 3487 esse
1123 3412 1335 3489 oensultum:
1350 3419 1457 3509 Atque
1474 3420 1522 3489 ita
1537 3418 1592 3489 hic

218 3522 412 3596 evidentem
430 3515 589 3591 habemus
608 3516 817 3611 assertionem
837 3516 925 3589 illius
943 3514 1116 3609 dignitatis
1136 3540 1202 3608 qua
1220 3516 1310 3587 Patri
1324 3542 1390 3610 par
1409 3518 1460 3590 est⁴
1474 3518 1587 3591 Filius.

208 3622 395 3716 ‚Sitonique
416 3618 574 3691 habemus
598 3616 798 3691 irrefutabile
822 3632 1059 3711 argumentum
1079 3615 1166 3708 paris
1193 3616 1387 3689 honorisue
1409 3617 1517 3691 cultris
1534 3618 1600 3711 qui

117 3756 127 3769 ’
212 3726 355 3819 utrique
370 3718 558 3795 debeatur..
590 3720 713 3795 Peritos
732 3718 824 3791 euim
850 3716 1048 3794 Divinitatis.
1071 3714 1118 3789 est
1146 3713 1402 3793 fundunentum
1420 3720 1507 3813 paris
1532 3720 1592 3796 ho·
1629 3794 1636 3799 ,
1663 3814 1668 3829 1

211 3852 326 3901 noris.
1155 3865 1159 3870 -
1568 3870 1573 3879 -

272 3924 478 4001 XXXIII.
505 3922 620 3997 Sed&
640 3922 725 3997 illud
736 3944 894 4018 perquam
912 3918 1054 4016 dignum
1069 3915 1247 3995 observatu
1268 3918 1336 4021 est,
1361 3919 1453 4015 quod
1471 3917 1539 4014 ipsa
1552 3918 1592 3989 il·-
1625 3942 1737 4019 ntur.
1757 4007 1763 4019 ι

225 4018 410 4107 laidem
427 4050 466 4099 ac
484 4022 682 4105 reumatis
702 4024 825 4097 Christi
844 4039 1083 4115 argumentum
1097 4020 1238 4094 Divinae
1256 4022 1424 4117 digritrrtis
1444 4016 1493 4095 fit
1545 4022 1592 4093 ua
1604 4004 1662 4087 xpp
1673 4003 1786 4122 ⁰¹¹3}

224 4127 318 4201 enirn
342 4124 527 4201 exinanitio
547 4137 653 4218 atquew
666 4124 852 4197 humiliatio
872 4124 928 4200 hie
945 4120 1166 4208 describitur,
1191 4140 1231 4195 ut
1252 4123 1340 4197 asiio
1359 4120 1479 4195 Christi
1497 4118 1593 4215 spon-
1608 4090 1740 4208 ‘rigum

224 4248 349 4310 tanea,
374 4250 416 4299 ex
433 4222 614 4299 deliberato
640 4222 774 4299 consilio
802 4220 956 4319 profetia.
1009 4224 1111 4296 Porro
1134 4222 1269 4298 initium
1292 4224 1379 4305 illius
1397 4220 1596 4296 exinanitio-
1611 4204 1735 4328 ‘⁰2ss

225 4330 280 4403 nis
301 4325 348 4401 est
364 4326 401 4399 in
412 4327 590 4403 nativitate
610 4323 708 4419 ipsius
726 4350 782 4419 per
798 4348 900 4419 quam
915 4322 1021 4397 Iasius
1040 4324 1087 4397 est
1107 4324 1223 4411 herilo,
1249 4382 1253 4392 .
1270 4326 1370 4401 Tunc
1382 4330 1474 4410 euim
1493 4346 1600 4418 quum

227 4430 265 4501 in
284 4423 499 4501 similitudine
519 4426 664 4503 hminis
683 4422 755 4499 fieti
771 4426 954 4518 inciperet,
972 4449 1055 4498 mox
1069 4421 1216 4500 assumsit
1232 4422 1603 4518 boutmfflv-iffiuem

226 4526 272 4603 ab
289 4552 339 4603 eo
349 4544 496 4627 tenpore
517 4527 659 4625 gestivit
678 4551 746 4626 quo
764 4511 924 4625 exipert
945 4507 1066 4698 ι’ἔςὲθς
1081 4520 1124 4611 ὣς
1138 4507 1474 4635 dripuer,.habitu
1490 4530 1607 4601 meet·

455 4662 457 4667 '
1008 4644 1032 4705 2
1553 4644 1609 4701 tut
