4150 5150
576 461 631 534 De
648 456 914 538 tmuifinnone
933 459 1094 538 Nominis
1115 461 1191 537 Del.
1495 483 1567 557 103
1671 507 1676 512 -

110 640 111 645 ,
202 599 344 678 tendant
359 599 404 674 ad
419 625 522 697 opera
537 629 706 684 manuum
729 607 795 680 Dei
814 659 828 696 ,
850 607 905 682 vel
922 625 1094 688 oertetarn
1117 603 1340 702 pertinente
1364 628 1403 680 ea
1422 603 1572 681 consido-

200 721 290 790 rant,
311 719 351 776 ut
371 703 603 801 plerorumque
614 707 891 804 Philosophorum
911 728 1006 782 more
1018 711 1054 782 in
1076 705 1193 782 cauffis
1213 707 1360 784 secundis
1382 710 1569 796 haerentes,

191 805 323 878 virtutes
339 805 428 891 Dei,
449 831 531 900 quas
549 807 717 903 stupemlis
728 810 870 884 ostentat
883 808 1039 906 operibus
1048 861 1061 898 ‚
1078 807 1193 884 clausis
1209 809 1348 884 coecisve
1365 809 1469 882 oculis
1481 834 1569 904 prae·

189 904 340 980 tereant?
357 905 421 1000 Je's.
438 933 473 978 v:
495 909 560 983 12,
580 911 651 1000 Qri
672 912 738 984 Dei
752 909 1047 986 hireaficationem
1071 937 1128 983 ore
1145 908 1365 1005 prolitentes,
1387 911 1482 985 fartis
1501 909 1568 983 suis
1659 915 1664 928 “

187 1003 243 1100 ipsi
267 1005 416 1079 dedecori
428 1005 504 1080 sunt
513 1059 526 1094 ,
547 1008 739 1106 faciuntque
755 1031 795 1085 ut
807 1039 934 1086 nomen
948 1013 1014 1084 Dei
1027 1010 1299 1106 blasphemetur?
1319 1013 1418 1086 Rom.
1437 1035 1493 1085 11:
1507 1031 1567 1105 24

188 1110 387 1202 Quicunque
405 1107 453 1180 ita
470 1110 672 1198 instituunt,
698 1139 755 1186 eos
772 1115 934 1209 quidquid
949 1119 1174 1207 praetexatur,
1187 1137 1263 1184 cum
1282 1114 1357 1185 Deo
1373 1112 1484 1184 ludere
1500 1135 1569 1184 oer-

185 1225 260 1282 tum
273 1207 320 1280 est
330 1259 343 1295 ‚
365 1209 621 1306 quotiescunque
640 1214 771 1302 dicunt,
790 1211 1021 1305 Sondificerur
1035 1239 1148 1287 nomen
1167 1235 1272 1287 tuum.
1297 1215 1342 1287 Ar
1357 1239 1431 1288 non
1449 1211 1569 1285 frustra

110 1386 111 1389 ,
186 1309 308 1382 ludent
334 1311 453 1384 Invitis
468 1309 566 1406 ipsis,
582 1315 653 1388 imo
671 1318 704 1388 &
720 1317 759 1387 in
774 1313 850 1410 ipsrs
868 1312 894 1387 fi
910 1315 1051 1412 quidem
1068 1315 1115 1386 ita
1135 1314 1360 1408 perrexerint,
1382 1309 1566 1386 santhfica·
1624 1321 1627 1334 '

188 1408 274 1483 bitur
292 1410 385 1482 Deus
405 1412 687 1490 demonstratione
707 1415 855 1509 justitiae,
869 1419 901 1490 ἃ
914 1415 1063 1489 vindidla
1077 1411 1285 1488 severillima.
1366 1439 1389 1466 0

231 1511 321 1582 XV.
354 1513 431 1584 Nos
450 1532 584 1594 autem,
607 1521 689 1610 qui,
708 1519 822 1590 Deum
839 1519 970 1591 Patrem
985 1517 1137 1590 nostrum
1158 1515 1391 1610 agnoscemus,
1412 1511 1563 1594 Sanctifiss
1573 1543 1625 1594 xv.
1644 1543 1702 1590 nos

188 1612 345 1684 rationem
364 1615 511 1686 nominis
526 1618 555 1710 ej
642 1643 737 1692 ncere
759 1615 978 1691 desideramus
997 1671 1009 1699 ,
1030 1619 1124 1696 omni
1141 1643 1205 1712 ope
1226 1619 1288 1690 niti
1307 1635 1449 1711 oporet,
1465 1635 1504 1690 ut
1520 1617 1562 1688 ad
1573 1607 1739 1724 ffiffiff'

114 1725 119 1733 '
184 1713 245 1785 Dei
265 1713 410 1808 gloriam
431 1713 492 1788 effe
515 1743 631 1814 conspe
651 1721 659 1735 '
716 1747 767 1794 ur.
820 1724 934 1811 Qram
953 1703 1057 1792 nobis
1082 1719 1171 1792 dedit
1199 1717 1402 1812 intelligendi
1424 1716 1561 1790 faculta·
1577 1747 1685 1818 neum..
1763 1773 1765 1778 ,

184 1831 266 1900 tem,
283 1840 356 1887 eam
379 1819 662 1913 contemplandis,
680 1820 932 1916 cognoscendis,
955 1821 1155 1893 meditandis
1169 1819 1348 1892 virtutibus
1372 1815 1471 1912 ipsius
1495 1819 1557 1890 im·
1574 1817 1595 1862 ¹·
1613 1805 1749 1859 mm·

186 1915 390 2008 pendamus,
409 1945 490 2013 quas
507 1922 543 1993 in
559 1920 716 2016 operibus
738 1945 869 1996 naturae
885 1923 925 1995 ac
944 1923 1085 2016 gratiae,
1108 1923 1140 1994 ἃ
1158 1922 1194 1992 in
1211 1919 1317 1994 verbo
1336 1919 1561 2014 supernatura·
1574 1873 1747 2004 {inlisisi-

187 2016 224 2088 lis
243 2019 455 2092 revelationis
473 2020 570 2108 suae,
589 2023 766 2097 clementer
781 2023 880 2097 nobis
896 2020 1060 2119 patefecit.
1097 2022 1196 2095 Nihil
1213 2023 1317 2096 oculis
1333 2023 1482 2095 mentive
1497 2045 1561 2094 no·
1576 2007 1647 2128 {ff
1655 2013 1744 2126 ἐξ·

186 2118 257 2191 strae
283 2144 454 2221 oceurrqre
479 2123 585 2218 potest
607 2141 677 2196 tam
702 2129 859 2223 exiguum
871 2175 885 2213 ,
911 2125 1012 2219 quod'
1025 2149 1096 2198 non
1118 2121 1376 2199 uberrimam'in
1396 2148 1469 2196 enm
1492 2145 1563 2194 rem
1576 2145 1628 2200 tie.

186 2222 353 2294 materiam
379 2221 478 2294 nobis
503 2223 717 2319 suppeditet:
739 2228 843 2300 modo
868 2227 1079 2300 didicerimus
1102 2221 1281 2298 invisibilia
1300 2225 1365 2296 Dei
1385 2223 1565 2318 perspicere
1623 2267 1625 2272 ,

186 2320 221 2392 in
240 2319 453 2410 vifibilibus,
472 2327 505 2398 &
525 2351 584 2420 per
602 2347 789 2416 creaturas,
811 2327 914 2401 veluti
935 2353 993 2422 per
1014 2325 1111 2399 scalas
1132 2324 1289 2420 quasdam
1301 2343 1321 2415 ,·
1338 2325 1394 2396 via
1417 2325 1566 2396 eminen-

110 2462 111 2483 ι
185 2423 262 2510 tiae,
277 2423 319 2496 ad
336 2421 508 2498 summum
533 2427 646 2500 Deum
666 2427 869 2502 adscendere.
930 2429 969 2502 Id
1002 2427 1211 2513 statuentes,
1245 2421 1414 2522 quidquid
1435 2423 1567 2498 bonita-

110 2544 111 2549 ’
186 2523 396 2613 tis,‘lucis,
424 2527 680 2621 pulchritudinis
714 2531 751 2605 in
783 2529 937 2604 creaturis
971 2528 1046 2616 est,
1085 2527 1120 2601 id
1145 2551 1245 2602 ornne
1269 2529 1372 2602 modo
1399 2524 1566 2623 persedis-

111 2647 112 2652 ’
186 2621 264 2699 limo
289 2628 325 2701 in
348 2629 503 2702 Creatore
528 2631 683 2703 inveniri.
735 2634 786 2706 Ita
809 2658 872 2706 nos
897 2628 1166 2717 assuefaciamus,
1186 2652 1226 2703 ut
1242 2656 1290 2702 res
1310 2631 1408 2723 hujus
1431 2629 1570 2703 mundi»

185 2729 373 2815 naturales,
400 2731 538 2819 civiles,
564 2735 812 2821 oeconomicas,
833 2752 992 2828 tanquam
1018 2730 1137 2827 figuras
1164 2752 1223 2805 aut
1247 2734 1391 2826 pirrum
1410 2727 1569 2825 quasdam

111 2851 112 2854 ’
186 2826 423 2913 consideremus
440 2856 548 2905 rerum
569 2832 787 2927 spiritualium
803 2860 842 2909 ac
862 2830 1064 2921 coelestiam,
1078 2858 1258 2927 earumque
1275 2856 1353 2926 quae
1372 2833 1413 2905 ad
1429 2826 1569 2925 regnum

185 2930 246 3013 Dei
264 2934 455 3027 pertinent·
497 2933 610 3026 Hujus
627 2938 706 3007 artis
727 2934 974 3009 callentiffnnus
994 2934 1062 3007 suit
1077 2936 1248 3008 Dominus
1269 2932 1385 3029 Jesus‚
1407 2933 1460 3004 cui
1482 2931 1568 3003 nihil

163 3055 330 3127 *unquam
353 3052 425 3107 tarn
443 3034 612 3107 minutum
628 3035 896 3123 obversabatur,
917 3037 1001 3130 quin
1021 3030 1183 3108 sufficeret
1213 3036 1256 3107 ad
1276 3032 1506 3107 illustrandum
1531 3054 1572 3105 ea

185 3132 512 3231 ooealioneRegnum
528 3135 704 3225 coelorum,
713 3164 757 3210 ne
767 3163 864 3233 aquae
877 3137 1012 3231 quidem
1023 3125 1193 3223 molamus
1206 3160 1309 3231 grano
1323 3132 1441 3229 sinapis
1455 3158 1571 3226 excep-

112 3289 113 3294 η
185 3236 798 3332 tir.J0h.1v:10.Matx111:31.
836 3239 985 3313 Eandem
1004 3256 1112 3311 artem
1132 3236 1297 3331 discipulis
1317 3235 1381 3307 suis
1400 3260 1573 3308 commen-

184 3337 275 3431 davit
294 3358 366 3420 eut
383 3339 451 3433 piae
468 3341 691 3413 meditationis
705 3340 869 3413 alembico
884 3366 927 3412 ex
942 3338 1149 3437 crassaqribus
1159 3338 1226 3411 istis
1240 3338 1485 3431 Chymicorum
1497 3360 1571 3409 rno-

183 3464 217 3511 re
234 3437 384 3532 spiritum
405 3442 576 3513 extrahere
594 3442 763 3515 discerent.
800 3436 888 3515 Mat.
907 3464 1014 3514 xxrv:
1036 3461 1097 3533 32.
1144 3440 1274 3512 Verum
1298 3460 1376 3511 ante
1394 3438 1509 3511 onrnia
1530 3458 1571 3509 ea
1663 3512 1665 3517 ,

182 3540 247 3613 Dei
261 3564 361 3634 opera
389 3540 575 3635 frequenter
593 3544 820 3625 meditemur,
840 3539 965 3637 quibus
978 3541 1119 3635 gloriam
1142 3538 1234 3612 suam
1247 3536 1376 3611 asseruit
1395 3540 1432 3611 in
1450 3560 1568 3633 procu·

184 3642 286 3715 rande
305 3639 407 3713 salute
424 3640 554 3737 generis
573 3644 730 3731 humani,
755 3669 833 3739 quae
846 3668 916 3716 non
931 3640 1091 3715 docentur
1109 3638 1171 3713 nili
1187 3642 1224 3712 in
1238 3638 1347 3712 schola
1365 3642 1499 3735 gratiae:
1518 3660 1571 3711 at-

183 3768 247 3837 que
264 3744 312 3829 ita
329 3740 362 3814 se
378 3744 432 3837 pie
449 3742 623 3838 sancteque
641 3746 780 3820 deledtet
792 3748 923 3818 animus
940 3744 976 3815 in
992 3744 1065 3816 luce
1080 3742 1214 3815 notitiae
1227 3742 1342 3836 gloriae
1355 3742 1439 3827 Dei,
1460 3738 1569 3835 splen·
1593 3835 1596 3843 A
1620 3781 1626 3791 ,

182 3842 290 3916 dentis
305 3845 342 3917 in
353 3843 437 3918 facie
452 3844 530 4016 peso
552 3846 683 3918 Christi
733 3848 819 3919 Non
836 3845 943 3943 potest
961 3842 1161 3917 nobilissima
1179 3842 1236 3933 illa
1247 3842 1454 3939 intelligendi
1467 3840 1569 3913 facul-

183 3964 252 4033 tas,
281 3944 440 4018 nobiliori
476 3972 493 4017 e
516 3946 704 4042 impendere
726 3947 879 4042 objecto,
906 3972 1015 4042 neque
1034 3944 1192 4019 nobiliori
1215 3948 1366 4039 occupari
1385 3944 1568 4027 exercitio,

184 4070 286 4141 quam
301 4046 583 4142 contemplatione
607 4049 664 4134 rire
682 4042 958 4137 ἀπωληθεῖως,
984 4064 1244 4140 caeterarumque
1264 4046 1454 4119 veritaturn'
1467 4042 1572 4124 subli,
1648 4093 1653 4103 ,

184 4148 294 4229 rhium
311 4166 409 4242 atque
428 4149 618 4223 salutarium
635 4174 715 4243 quas
738 4150 779 4220 de
797 4149 828 4221 se
847 4146 998 4241 suprema
1011 4149 1070 4222 illa
1082 4149 1215 4220 Veritas
1234 4146 1335 4221 nobis
1352 4146 1498 4226 revelare
1519 4143 1574 4215 di-

176 4266 286 4421 'ffita
315 4248 372 4323 est.
423 4243 534 4345 Atque
572 4255 639 4325 hoc
665 4250 801 4347 quidem
817 4250 920 4324 modo
937 4250 1111 4324 intellet'ru
1132 4246 1244 4322 nostro
1263 4239 1388 4323 nornen
1412 4246 1479 4321 Dei
1498 4243 1574 4317 san-
1633 4266 1634 4274 ¹

257 4370 357 4423 catur.
817 4402 820 4407 .

232 4452 349 4525 xvh
374 4453 438 4537 Sed
464 4479 536 4525 non
560 4450 607 4524 est
630 4455 685 4526 hic
705 4450 959 4526 subsistendum.
1000 4455 1094 4541 Quas
1115 4452 1162 4525 ita
1182 4447 1409 4542 cognoscimus
1428 4449 1570 4522 virtutes
1585 4454 1653 4503 Μ·
1665 4456 1701 4505 11·
1712 4456 1766 4505 1⁸⁸

184 4544 272 4639 Dela
292 4577 345 4626 θῦε
366 4578 500 4643 unare,
513 4558 690 4645 venerari,
709 4556 841 4642 mimi,
859 4580 899 4629 ης
915 4554 1035 4651 quovis
1056 4554 1159 4643 „mdo
1183 4548 1416 4645 edebmepat
1439 4549 1496 4623 est·
1522 4550 1570 4623 Ut
1585 4516 1751 4574 ceraunon

1415 4648 1637 4771 ‚W
