4150 5150
505 451 580 528 m
1050 409 1346 557 mereata-nr.

503 571 597 688 titia·
610 591 683 687 mea
701 568 850 660 adokpr't
863 568 948 672 apud
960 587 1180 670 attorquens
1193 588 1341 668 patretur
1372 563 1469 644 &ab
1480 586 1580 646 utero
1595 570 1714 656 matris
1728 591 1808 646 mea
1826 573 1880 645 dr·
1920 583 1927 594 '

332 819 402 868 ..·
455 807 470 822 -
505 669 721 844 missilia:
740 732 911 842 Homerios
932 729 1060 864 fingtrlt
1082 719 1370 864 portionis‘verba
1392 767 1627 871 exposuimum
1641 795 1746 843 nunc
1770 792 1880 848 oum-

294 884 305 900 ‘
332 869 382 973 22¹³
407 865 470 968 pff„
505 872 786 958 umvideomus,
804 896 872 964 quo
890 869 1173 942 eumoollocatam
1184 869 1354 944 Dominus
1363 869 1484 944 voluit.
1510 869 1880 966 Itaautemdispofitarn

323 1003 397 1068 serra
413 1001 431 1064 e¹
456 1018 464 1042 ,
505 977 697 1068 irrueoimtrs
717 990 755 1049 rrt
773 971 995 1064 postponatur
1017 971 1152 1066 quidem
1178 971 1219 1042 iis
1244 969 1457 1066 petitionibus
1486 995 1563 1068 quae
1591 973 1728 1068 propius
1748 998 1880 1047 concer-

312 1065 485 1178 {ffissffi
506 1092 593 1150 nunt
613 1075 745 1152 Deurnr
766 1093 981 1166 praeponatur
994 1073 1164 1154 rameniis
1182 1097 1260 1168 quae
1279 1071 1514 1146 detrectando
1538 1073 1661 1147 animae
1684 1077 1812 1148 nostrae
1826 1101 1878 1150 ca·

351 1207 365 1244 e
404 1191 408 1199 ’
454 1217 464 1236 ·
507 1179 653 1252 loorirate
666 1194 781 1268 agunt.
818 1175 923 1246 Earos
932 1172 1074 1245 solicitos
1086 1171 1274 1267 interpretes
1288 1171 1387 1260 fecit,
1403 1175 1528 1250 ordinis
1540 1175 1794 1250 concinoimtem
1806 1176 1881 1272 sup-

506 1295 667 1375 ponentes
679 1277 833 1371 quidem,
853 1296 889 1348 at
911 1299 980 1346 non
1000 1273 1119 1346 eodem
1138 1275 1241 1346 modo
1255 1273 1528 1350 demonstrantes.
1580 1277 1752 1350 Nonnulli
1769 1277 1878 1348 existi·

505 1399 630 1466 orant,
649 1374 786 1451 votuisse
813 1377 1001 1449 Dominum
1016 1377 1038 1446 d
1065 1373 1293 1470 corporalibus
1308 1375 1429 1461 ordiri,
1457 1397 1496 1448 ut
1513 1379 1560 1448 ita
1577 1377 1752 1471 paullatim
1774 1379 1890 1472 enimiq

503 1485 721 1558 eveherentm
735 1477 777 1550 aa
787 1477 929 1563 altiora,
945 1479 979 1550 ἃ
995 1501 1039 1548 ex
1047 1475 1233 1550 minoribus
1247 1473 1366 1550 fiducia
1382 1479 1604 1572 conciperetur
1614 1479 1791 1571 majorum.
1807 1482 1882 1553 Ho-

502 1609 581 1658 rum
598 1601 745 1654 mentem
765 1581 894 1673 egregie
912 1577 1063 1675 exposuit
1082 1579 1248 1658 Calvinus.
1276 1577 1350 1669 Etsi
1372 1579 1496 1665 vidiri,
1521 1581 1649 1674 inquit,
1675 1579 1878 1677 profitenda

500 1686 545 1770 est
557 1703 763 1784 promotum
778 1682 934 1776 remrffio,
964 1699 1122 1777 quatenus
1134 1678 1262 1768 [cilicet
1278 1683 1388 1752 amma
1405 1685 1532 1776 corpori
1545 1681 1721 1778 precellit,
1739 1685 1879 1754 initium
1982 1683 1984 1686 ’

499 1808 608 1862 rareto
619 1780 762 1868 cbristus
778 1779 869 1874 ferit
882 1806 904 1851 a
916 1783 1057 1876 pane&
1075 1800 1210 1854 terrene
1232 1777 1483 1872 viresubfidiis‚
1505 1799 1545 1854 ut
1566 1779 1588 1853 d
1610 1782 1676 1854 tali
1689 1785 1883 1856 rudimenti

345 1968 349 1979 ,
497 1890 600 1962 ultius
618 1887 781 1958 eveheret.
835 1885 918 1980 Nori
943 1905 1018 1976 ergo
1031 1901 1145 1978 panem
1163 1881 1388 1977 quotidianum
1401 1884 1497 1978 priris
1520 1880 1611 1954 nobis
1640 1885 1715 1955 dari
1726 1887 1876 1980 petimur

499 2011 597 2087 quam
609 1990 684 2058 Deo
697 1983 903 2058 reconciliari
908 2035 919 2062 ,
944 1981 1034 2078 quast
1047 1980 1140 2054 nobis
1156 1977 1462 2078 pluriseffedebeat
1481 1986 1618 2054 caducus
1635 1989 1765 2058 ventris
1783 1983 1878 2056 cibus

498 2113 596 2186 quam
617 2107 736 2158 erema
757 2083 845 2174 salus
856 2087 988 2168 anima,
998 2083 1053 2169 sed
1074 2102 1114 2155 ut
1135 2099 1258 2154 moues
1273 2078 1380 2163 noslrae
1396 2081 1486 2178 quast
1497 2103 1559 2179 per
1575 2083 1678 2171 scalas
1689 2081 1711 2156 d
1721 2103 1819 2156 terra
1834 2086 1876 2156 ad

498 2188 840 2275 calumcorscmdcut.
878 2188 973 2257 Nam
988 2207 1087 2279 quum
1096 2183 1130 2272 se
1156 2187 1252 2256 Deus
1273 2186 1315 2252 ad
1333 2181 1448 2254 alenda
1469 2200 1602 2280 corpora
1614 2187 1790 2272 demittat,
1813 2189 1878 2256 nri·

495 2294 586 2365 'mnae
607 2286 740 2360 hlium
756 2281 799 2366 est
820 2287 899 2372 quio
913 2287 952 2356 de
962 2283 1137 2381 spirituali
1147 2287 1223 2355 vita
1234 2279 1337 2362 nollra
1351 2282 1494 2378 longefir
1510 2289 1607 2379 stragis
1617 2284 1778 2375 stilicitrrrs
1813 2291 1877 2359 Er-

494 2414 540 2485 go
552 2410 620 2462 tam
631 2387 767 2480 benigna
782 2384 853 2480 ejus
868 2385 1070 2479 indulgentia
1076 2381 1234 2473 fiduciam
1248 2379 1384 2463 rostram
1402 2385 1507 2478 altius
1526 2390 1640 2480 erigit.
1678 2389 1785 2458 Acute
1800 2383 1876 2482 qui·

497 2491 659 2566 demhaec
679 2487 782 2583 &pie
793 2485 882 2560 diua
896 2485 1059 2568 arbitrare
1081 2483 1188 2556 nescio
1214 2504 1328 2556 tamen
1346 2508 1389 2554 un
1407 2507 1484 2556 urm
1502 2485 1616 2558 ordine
1629 2485 1732 2560 totius
1749 2489 1876 2560 oratio-

497 2596 551 2667 nis
568 2592 654 2687 bene
666 2589 883 2663 conveniant.
924 2588 1009 2661 Non
1019 2586 1111 2660 eoirir
1127 2586 1161 2658 id
1186 2584 1254 2680 agit
1264 2584 1433 2659 Dominus
1445 2605 1485 2659 ut
1494 2587 1537 2659 ab
1560 2588 1792 2662 humilioribus
1812 2616 1874 2663 nos

496 2696 673 2791 paullatim
689 2692 808 2765 evehat
821 2690 863 2761 ad
873 2686 1025 2775 celsiores
1045 2689 1100 2759 sed
1113 2686 1156 2761 eb
1171 2713 1213 2772 eo
1229 2682 1319 2758 orlirs
1333 2686 1423 2780 quod
1438 2690 1591 2761 omniurn
1608 2683 1800 2783 supremum
1809 2692 1874 2777 est,

418 2862 425 2870 .
495 2792 541 2869 ad
561 2794 741 2869 humiliora
757 2789 935 2865 descendit.
986 2788 1106 2863 Primo
1118 2790 1273 2861 omnium
1281 2788 1315 2859 id
1332 2792 1490 2883 proponit
1503 2792 1594 2889 quod
1604 2791 1739 2865 ultimus
1758 2792 1874 2867 elluo·

423 2890 426 2894 ’
468 2969 472 2982 ,
496 2916 610 2971 torum
621 2896 814 2969 nostrorum
827 2890 925 2973 finisr
948 2890 1027 2965 dein
1044 2892 1084 2963 de
1101 2891 1218 2963 mediis
1244 2890 1312 2984 agit
1328 2890 1370 2963 ad
1382 2916 1461 2963 eum
1473 2890 1576 2967 finem
1590 2887 1801 2966 ducentibus.
1816 2918 1820 2925 ·
1839 2894 1875 2970 Si

321 3027 326 3037 ·
367 3069 369 3078 ,
494 3024 555 3095 per
568 2998 666 3083 scalas
681 2976 1039 3081 ascenderedocuillet‚
1061 2992 1196 3066 initium
1213 2988 1483 3087 fecissetlgradu
1501 2994 1639 3082 infimo,
1662 2994 1772 3069 donec
1794 3022 1874 3091 pro-

494 3102 632 3188 cedente
644 3100 762 3173 ordine
783 3113 985 3210 peruentum
1007 3092 1085 3170 effet
1101 3096 1144 3169 ad
1158 3092 1339 3171 summum.
1388 3094 1492 3169 Nunc
1508 3120 1620 3172 autem
1633 3095 1724 3171 secus
1743 3096 1872 3173 mann

290 3189 294 3196 .
399 3289 402 3293 ¹
494 3201 793 3297 deprehendimus„

546 3303 661 3377 XIX.
688 3302 776 3372 Sunt
785 3296 1016 3393 quioliquanto
1026 3296 1136 3369 adhue
1146 3292 1299 3369 subtilius
1307 3316 1584 3374 oonuuentaotur.
1610 3298 1867 3397 Eo,inquiunt,

494 3422 567 3501 pota
584 3401 756 3497 Eraogelii
786 3400 938 3473 destrina'
953 3424 1015 3470 nos
1028 3394 1137 3473 ducit,
1168 3416 1206 3471 ut
1227 3396 1365 3473 sciamus
1387 3398 1548 3489 coelestia,
1567 3400 1748 3497 spiritualia
1767 3420 1869 3496 atque

495 3520 621 3581 aeterm
634 3505 759 3575 aruritae
771 3499 862 3575 bona
874 3500 972 3597 longe
990 3498 1193 3573 enixioribus
1208 3500 1296 3601 votis
1315 3502 1459 3595 peteuda
1473 3500 1551 3590 effe,
1565 3528 1666 3599 quam
1677 3503 1869 3577 caducoilla
1932 3518 1940 3543 ‘

491 3630 572 3702 quae
583 3606 632 3679 ed
646 3606 751 3679 vitam
763 3602 850 3675 hanc
861 3602 1039 3675 animalem
1057 3601 1211 3695 spetiano
1247 3602 1357 3676 Tanta
1378 3602 1513 3677 interim
1531 3605 1725 3693 homiuum,
1745 3630 1867 3680 eorum

491 3709 592 3782 etiam
601 3706 700 3803 quise
711 3703 1031 3799 Christidisciplinae
1047 3704 1269 3791 tradiderunt,
1289 3704 1336 3775 est
1346 3704 1575 3793 imbecillitas,
1591 3726 1630 3781 ut
1637 3709 1731 3801 prius
1741 3708 1865 3781 decor-

488 3836 571 3904 pore
584 3834 685 3904 quam
701 3810 743 3881 de
754 3809 870 3881 anima
886 3806 1029 3901 argitate
1045 3802 1183 3878 soleant.
1220 3803 1310 3901 Jesus
1329 3831 1426 3901 ergo,
1447 3834 1509 3901 pro
1520 3809 1703 3903 incredibili
1723 3808 1782 3881 sua
1792 3830 1864 3885 tam

488 3912 640 3987 bonitate
658 3934 761 4005 quam
774 3907 951 4003 sapientia,
976 3909 1135 3980 humanae
1147 3904 1364 4004 imbecillitati
1376 3910 1531 3981 hedenus
1542 3908 1574 4005 se
1589 3911 1804 3993 aocomodor,
1826 3910 1868 3985 ut'

485 4006 630 4109 patiatur
642 4010 862 4106 corporalium
877 4032 915 4080 ao
927 4029 1136 4085 terrenorum
1152 4006 1319 4083 bonmunr
1331 4004 1426 4103 prius
1431 4012 1470 4079 in
1487 4010 1636 4083 oratione
1654 4014 1862 4085 mentionem

484 4112 582 4195 fieri3
600 4140 669 4207 quo
686 4102 818 4185 animus
835 4110 938 4183 isthac
953 4108 1170 4183 sollicitudine
1192 4108 1367 4196 liberatus,
1384 4136 1431 4187 ¹eo
1445 4106 1586 4184 securior
1602 4132 1702 4207 atque
1718 4114 1866 4188 alacrior
1978 4142 1980 4153 ·

486 4216 785 4309 puaesllbnirerum
808 4208 1027 4307 spiritualium
1052 4210 1316 4307 seimpenderet.
1358 4210 1592 4287 Verumenim
1610 4240 1691 4289 vero
1705 4214 1769 4309 boc
1788 4240 1860 4289 non
1979 4280 1980 4283 ,

484 4314 641 4389 taroelset
659 4316 863 4387 medicinam
878 4311 982 4385 facere
997 4310 1141 4399 morbo,
1165 4336 1268 4409 quam
1288 4336 1365 4385 eunt
1383 4312 1528 4387 fovendo
1543 4314 1704 4387 roborare.
1756 4316 1860 4389 Haec-

483 4419 557 4490 eine
575 4418 630 4490 via
641 4413 687 4488 est
703 4434 933 4513 quaevocetur
956 4416 1090 4489 animus
1110 4416 1129 4485 ir
1146 4416 1254 4487 nimio
1270 4439 1509 4500 earumrermn
1526 4414 1635 4489 studio
1652 4415 1775 4513 quibus
1787 4443 1862 4491 ror.

482 4519 570 4613 poris
583 4537 778 4613 procuretur
790 4515 1023 4609 incolumitas,
1043 4514 1070 4590 fi
1080 4514 1287 4631 permirum
1307 4542 1360 4593 eas
1373 4518 1519 4615 primum
1536 4518 1655 4595 iatum
1675 4519 1858 4609 oollomre,

1803 4642 1855 4694 'ul
