4150 5150
374 489 378 498 ¹
512 469 564 529 20
733 385 736 400 Ι
863 495 868 506 ,
1053 447 1252 524 Exercitatio
1297 364 1364 524 Ῑ.Ι
1786 533 1798 548 ,

422 592 430 607 ⁷
513 621 570 678 tes
586 597 629 696 ed
637 597 835 691 surchetut.
869 599 1003 694 Exque
1018 595 1252 672 observatione
1263 599 1326 671 tria
1339 595 1530 691 sequuottu.
1567 596 1597 670 1.
1618 595 1782 692 ιῙιιιιιιιιιι
1797 619 1889 691 prae-

513 697 665 774 exstitisse
678 698 862 786 Christum,
881 717 1060 794 antequam
1075 723 1153 772 cum
1166 699 1283 772 habitu
1300 701 1335 772 de
1350 694 1565 770 similitudine
1582 695 1727 770 hominis
1740 696 1887 771 forman

513 801 599 874 servi
616 799 767 873 haeret,
816 800 871 874 11.
896 801 950 874 Ita
966 798 1212 894 praeexstitiffe,
1238 817 1280 874 ut
1302 795 1440 872 oonsilio
1466 823 1541 872 eam
1559 795 1703 873 fonmm
1724 798 1885 872 induerit.

512 903 593 976 Hoc
618 901 708 974 enim
732 891 887 1006 φςὸιημ
916 901 1036 974 Christi
1065 901 1260 996 proponitur
1289 896 1474 993 nobispro
1496 898 1694 994 htunilitatir
1716 899 1884 992 exerrrplo.

511 1005 586 1077 111.
613 1001 654 1074 Id
669 999 760 1096 quod
773 1019 852 1073 ante
872 1023 946 1074 carn
958 1001 1080 1074 formae
1093 997 1178 1074 servi
1191 997 1421 1074 affumtionem
1432 998 1519 1086 suit,
1538 999 1679 1094 plenum
1692 996 1788 1072 fuisse
1802 999 1885 1076 Ma—
1967 1014 1968 1017 ’

511 1102 633 1195 jelrrris
649 1101 821 1196 &gloriae
866 1101 905 1176 ld
922 1103 1012 1174 enim
1030 1097 1092 1174 nili
1114 1099 1179 1189 stt,
1200 1125 1272 1174 non
1293 1099 1342 1176 est
1359 1125 1400 1174 ea
1417 1097 1570 1174 affunttio
1589 1098 1715 1172 servilis
1733 1095 1883 1187 formae,

511 1203 723 1288 humiliatio,
743 1199 870 1273 nedum
886 1202 1080 1278 exinanitio.
1118 1203 1223 1276 Porto
1243 1199 1270 1274 li
1287 1201 1524 1274 Christosante
1544 1200 1652 1272 mrnie
1666 1197 1734 1272 suae
1757 1200 1885 1273 nauvi-

510 1319 615 1376 tatem
626 1299 749 1387 fuerit,
763 1297 789 1373 li
802 1323 876 1374 eam
889 1299 1026 1376 consilio
1042 1299 1105 1374 libi
1118 1299 1288 1389 assumsit,
1303 1299 1329 1373 li
1346 1300 1505 1396 praeditus
1516 1299 1582 1377 fuit
1592 1297 1712 1394 insigni
1724 1298 1885 1395 Maiesta-

508 1423 562 1492 te,
583 1425 685 1498 quam
707 1401 770 1474 sub
789 1402 868 1476 velo
887 1403 994 1478 carnit
1010 1397 1195 1498 fonnoeque
1216 1401 1338 1476 servilis
1357 1401 1504 1490 occuluit
1519 1451 1533 1488 ,
1560 1402 1650 1496 quod
1665 1397 1736 1474 line
1751 1398 1883 1476 sacrile-

508 1505 563 1600 gio
580 1500 733 1600 potuisset
747 1500 954 1592 nonfacere,
973 1503 1077 1582 modo
1094 1501 1271 1584 voluissem
1288 1499 1490 1596 consequens
1502 1500 1549 1575 est
1567 1500 1676 1597 ipsum
1690 1502 1805 1576 Deum
1824 1499 1881 1577 fa·

509 1601 575 1678 ilie.
602 1603 691 1678 Haec
706 1605 797 1678 enim
808 1603 949 1678 totidem
964 1603 1041 1679 sunt
1057 1605 1198 1680 Deitatis
1211 1621 1414 1698 armamenta.

311 1765 314 1772 .
340 1729 449 1804 amu.
560 1705 753 1780 XXXIV.
793 1703 911 1780 Tertio
932 1706 967 1778 id
984 1730 1116 1802 quoque
1132 1705 1341 1791 notandum,
1360 1704 1500 1799 dignum
1517 1703 1594 1776 Deo
1612 1697 1727 1778 finisse,
1741 1720 1785 1777 ut
1800 1703 1885 1798 post

321 1791 498 1912 fx‘ffl’ffl
512 1807 599 1880 hanc
613 1807 689 1879 Filii
705 1801 754 1878 sui
768 1803 1058 1894 humiliationem,
1078 1808 1149 1880 imo
1166 1809 1199 1880 δι
1214 1823 1347 1902 propter
1362 1805 1480 1891 illam,
1499 1829 1579 1878 uun
1594 1803 1878 1897 superexaltaret,

340 1939 427 1990 apter
439 1894 486 1980 v'o-
512 1907 609 2002 cique
627 1929 739 1980 nomm
755 1903 848 1979 daret
857 1903 957 2004 snpra
974 1933 1064 1982 om
1082 1929 1204 1982 nomeu.
1255 1907 1305 1980 Ea
1321 1904 1592 2001 superexaltatio,
1610 1904 1657 1978 est
1669 1903 1880 1978 dunonlba·

318 1995 480 2113 extnuinro.
511 2007 561 2110 tio
580 2001 833 2080 lumlentili'nna
856 2031 989 2102 magnae
1009 2007 1097 2080 illius
1115 2007 1230 2102 gloriae
1243 2031 1321 2102 quae
1339 2007 1503 2080 occultata
1518 2005 1626 2079 fueret
1643 2030 1700 2100 pet
1716 2006 1878 2081 volonta-

318 2137 380 2176 aem
391 2129 422 2192 ,et
432 2143 493 2182 roa-
506 2107 589 2180 riam
602 2105 877 2182 humiliationem.
901 2108 1005 2181 Sicuti
1017 2126 1130 2180 autem
1145 2133 1186 2180 ea
1200 2108 1376 2181 occultatio
1392 2104 1454 2179 sita
1471 2125 1539 2179 erat
1551 2108 1590 2179 in
1606 2107 1685 2192 vili,
1700 2112 1878 2182 contemto

317 2187 393 2246 Μ’·
502 2227 603 2304 aeque
612 2205 743 2302 abjcslo
754 2206 949 2304 habitu,quo
964 2207 1171 2284 conversante
1184 2209 1232 2281 est
1247 2210 1333 2281 inter
1348 2204 1580 2294 homines,nisi
1590 2207 1874 2302 quodaliqnando

362 2356 365 2364 J
502 2307 1140 2504 ιιιιιιιιιιι
1154 2307 1711 2506 ιιιιιιιιι

386 2526 394 2563 t
500 2512 651 2587 colenter
668 2507 855 2605 probatur,
881 2509 1102 2608 omnibusque
1123 2510 1352 2608 aspicientibus
1371 2527 1484 2607 patet,
1502 2533 1575 2584 eam
1600 2507 1661 2584 effe
1685 2511 1869 2586 humanam

497 2633 654 2685 namnam
669 2610 744 2684 Filii
761 2613 849 2701 Dei,
868 2636 1011 2709 eumque
1026 2614 1222 2701 homiuem,
1241 2615 1300 2709 qui
1311 2614 1395 2687 olim
1406 2614 1468 2685 vix
1482 2636 1546 2707 pro
1563 2612 1702 2685 homine
1722 2610 1868 2685 habeba-

332 2742 335 2764 t
493 2730 572 2795 tur,
590 2710 651 2785 elie
667 2736 781 2786 revera
791 2714 905 2789 Deum
916 2714 1133 2817 benedictum
1149 2716 1185 2786 in
1202 2712 1318 2787 semla
1370 2716 1448 2788 Hoc
1466 2713 1556 2785 enim
1575 2714 1626 2834 esp
1639 2713 1725 2786 illud
1741 2738 1868 2787 nomen

489 2810 589 2907 supra
606 2837 706 2887 omne
723 2838 859 2887 nomen.
899 2814 949 2891 ¹Et
966 2811 1011 2887 lic
1033 2816 1156 2888 iterum
1173 2815 1216 2886 ad
1238 2838 1315 2885 eam
1336 2812 1530 2889 deducimur
1545 2816 1684 2911 glottam
1703 2814 1867 2909 quae-Di-

491 2914 573 2987 vina
592 2915 704 2987 annor
724 2940 795 2988 non
811 2912 861 2989 fit
894 2916 994 2991 Hanc
1011 2934 1123 2988 autem
1138 2915 1341 2989 conveniens
1358 2934 1430 2989 erat
1444 2914 1578 2989 Christo
1595 2913 1713 2988 deserti
1729 2935 1866 3010 propter

361 3080 365 3085 .
485 3014 703 3109 antegrellam
717 3016 1116 3106 humiliationemQuum
1125 3017 1216 3089 enirn
1227 3016 1528 3111 adgloriantPatric
1540 3014 1656 3109 sponte
1665 3038 1740 3087 eam
1754 3017 1865 3089 hurni-

345 3120 358 3138 ‘
481 3114 658 3189 'liationem
675 3114 863 3201 subivilscm
883 3116 988 3210 gloria
1005 3118 1109 3191 Patris
1125 3118 1280 3215 exigebat
1291 3140 1334 3191 nc
1350 3116 1465 3193 husten
1481 3117 1517 3191 'ui
1532 3114 1638 3209 fecisse
1654 3116 1760 3191 Filius
1769 3119 1865 3191 vidc-

485 3232 587 3287 retur.
614 3219 732 3305 Quum
751 3214 964 3310 blasphemiae
978 3217 1155 3291 detonante
1171 3214 1248 3292 esset
1262 3216 1308 3291 ab
1325 3219 1455 3313 injustis
1467 3218 1700 3303 senatoribus,
1717 3219 1863 3313 eoquod

482 3313 518 3387 se
537 3316 658 3389 Filium
680 3316 755 3387 Dei·
764 3314 918 3410 professus
933 3314 1062 3405 brerae,
1085 3343 1194 3414 neque
1212 3337 1346 3415 rapmm
1365 3318 1506 3393 duxilset
1520 3318 1582 3393 esse
1596 3320 1697 3393 instar
1712 3320 1796 3401 Dei3
1811 3321 1863 3411 Ju-

356 3464 361 3483 ,-
483 3415 574 3487 llum
591 3415 666 3489 Deo
693 3416 782 3489 Patri
800 3414 865 3491 fuit
881 3414 1053 3491 clarillime
1071 3419 1261 3507 declarare,
1279 3422 1398 3495 merito
1419 3422 1454 3494 id
1471 3416 1575 3493 fecisse
1597 3421 1719 3493 Filium
1731 3448 1745 3501 3
1766 3445 1862 3495 eum·

480 3538 549 3611 que
574 3514 746 3589 absolvere
768 3542 788 3589 a
810 3516 1023 3613 blasphemiae
1043 3520 1204 3613 omnine,
1225 3522 1319 3619 quod
1342 3523 1546 3618 impegerant
1572 3518 1634 3615 ipsi
1658 3519 1858 3608 adversarii,

480 3613 602 3709 quibus
619 3618 789 3690 humilitas
810 3616 909 3713 ipsaui
925 3614 1129 3695 offendiculo
1145 3640 1225 3697 eret.
1262 3622 1438 3718 inquibus
1459 3619 1579 3695 iterum
1596 3620 1681 3692 nihil
1698 3620 1858 3717 estquod

478 3740 552 3789 non
563 3718 907 3812 evehat-cogitationen
917 3720 1045 3794 nostrae
1054 3722 1098 3795 od
1114 3745 1189 3796 eam
1202 3724 1343 3819 gloriam
1355 3749 1457 3819 quam
1474 3722 1591 3795 habuit
1603 3720 1755 3795 Christus
1769 3722 1856 3817 apud

478 3816 613 3890 Patrem
623 3836 801 3912 antequam
811 3822 957 3895 mundus
974 3818 1214 3918 effeeuquam
1226 3850 1362 3919 aequum
1374 3824 1440 3899 suit
1455 3819 1854 3897 luculentiffimedemoo-

482 3914 588 4005 strati,
598 3920 839 4015 postquampcr
851 3922 1074 3997 voluntariam
1087 3927 1331 4000 Oeconomiant
1344 3923 1549 4022 aliquamdiu
1558 3920 1851 3997 occulunluiffee

297 4052 394 4109 mv,
411 4057 444 4105 ι.
533 4018 714 4096 XXXV.
740 4020 785 4093 lt
800 4044 909 4117 neque
924 4022 959 4095 id
976 4026 1267 4119 praetereundume
1284 4052 1389 4123 quum
1410 4025 1530 4101 Paulus
1546 4025 1632 4098 dicit
1642 4024 1780 4098 Christo
1794 4024 1852 4097 da-

297 4134 396 4172 ·0222
410 4117 452 4173 ru.
484 4134 559 4189 tum
579 4116 639 4193 efl'e
655 4144 765 4193 nomen
776 4121 877 4219 supra
895 4148 984 4197 onore
997 4150 1129 4208 mmm,
1148 4146 1189 4200 et
1206 4133 1242 4201 in
1263 4134 1388 4202 nomine
1403 4126 1492 4221 jesu
1504 4152 1600 4217 ‘omne
1616 4149 1703 4221 gere
1715 4120 1849 4219 strae,

294 4200 432 4315 Ἧι
481 4220 561 4292 citat
577 4219 680 4295 verba
701 4220 892 4317 Prophetiae
910 4248 987 4320 quae
1007 4226 1177 4300 invenitur
1199 4228 1264 4324 Jes:
1285 4250 1364 4303 xtv.
1382 4248 1441 4321 23.
1467 4226 1576 4320 quam
1596 4228 1629 4301 a
1649 4225 1731 4299 alibi
1754 4224 1848 4298 Chri·

478 4316 529 4391 sto
540 4322 683 4417 applicat
692 4322 791 4397 Ronu
804 4347 887 4399 x1v:
903 4348 959 4401 ιο.
978 4348 1034 4401 11.
1049 4329 1212 4422 docetque
1221 4330 1435 4403 collationem
1447 4328 1545 4421 hujur
1558 4324 1748 4423 gloriaeeffe
1759 4348 1846 4399 com-

474 4420 685 4514 plementum
703 4422 793 4497 illius
810 4426 1045 4519 praedictionis.
1095 4429 1278 4505 Videamus
1292 4454 1370 4526 ergo
1381 4456 1426 4503 an
1442 4428 1533 4527 opud
1549 4430 1751 4525 Prophetam
1771 4450 1846 4533 rga·

471 4536 527 4601 tttr
546 4520 724 4604 ‹te-Gloria
743 4526 821 4621 quae
837 4526 967 4601 Divina
986 4530 1121 4619 minor,
1138 4532 1235 4629 eique
1254 4530 1469 4631 subordinate
1487 4526 1539 4607 fit.
1587 4528 1742 4612 renem
1758 4522 1842 4624 quil*-
