4150 5150
460 391 523 534 '56
799 427 1015 514 Exercitatio
1041 428 1088 507 V.
1140 428 1182 509 Iu
1209 452 1278 532 qua
1304 433 1522 531 exponitur,
1640 539 1645 546 .

468 557 546 636 itas
570 553 695 652 diligit.
724 553 812 658 Quo
831 555 1010 632 ardentius
1029 581 1086 632 eas
1104 555 1237 656 diligit,
1270 581 1314 632 eo
1341 553 1487 631 fimilior
1516 557 1558 630 iis
1578 553 1728 632 evadere
1754 555 1865 653 cupit
1961 555 1971 582 ‘

474 658 572 734 Nam
585 679 688 730 amor
704 655 821 730 tendit
837 657 881 729 ad
898 653 1165 732 similitudinem
1176 679 1261 730 cum
1272 668 1400 730 aurato.
1445 655 1562 731 Porro
1579 677 1656 755 quo
1686 651 1869 730 ardentius

473 754 599 833 Deum
610 753 744 850 diligit,
759 777 804 828 eo
817 753 1000 854 &sepina
1015 755 1053 828 ἃ
1063 753 1262 841 lubentius,
1280 756 1317 829 de
1331 757 1497 831 attentius
1510 779 1598 831 eum
1606 759 1787 844 inuretur3
1818 767 1871 828 at-

415 931 418 942 ,
473 879 550 1030 que
565 854 726 930 itailtum
747 853 909 928 intuendi
927 877 967 928 ac
991 854 1163 950 diligendi
1176 855 1324 939 orbem,
1344 850 1519 945 continuo
1532 857 1570 929 in
1584 855 1617 929 ie
1629 846 1868 941 r'cdeunteiu,

181 1017 183 1030 .
275 941 285 988 Ψ
372 1040 373 1044 p
489 977 562 1051 aepe
570 953 915 1051 percurrens,quavis
925 949 1019 1030 illius
1028 945 1241 1050 repetitione
1249 977 1388 1029 novum
1399 951 1650 1050 gloriosissima
1665 950 1770 1045 liujus
1781 954 1870 1028 irua-

355 1095 360 1109 ι
476 1053 570 1151 ginis
588 1051 844 1126 lineamentum
859 1049 1077 1127 nanciscitur.
1862 1067 1877 1091 ··

528 1147 650 1226 XXII
682 1149 912 1241 rr.Quando
926 1148 1029 1225 Fides
1045 1148 1260 1226 castiisrmam
1283 1146 1355 1226 Dei
1372 1151 1561 1248 puritatem
1577 1145 1795 1250 considerat,
1820 1147 1873 1225 sa·

481 1249 548 1326 eile
559 1248 642 1323 inde
660 1247 862 1335 concludit,
877 1247 938 1322 {ibi
950 1271 1098 1348 quoque
1110 1261 1278 1325 accuratae
1291 1248 1456 1323 surditati
1464 1271 1611 1348 operam
1625 1248 1779 1322 dandam
1790 1245 1871 1336 eise,

477 1347 818 1424 srcommunionem
835 1346 907 1424 Dei
926 1345 1121 1446 consequi,
1147 1346 1385 1422 servareuad
1398 1347 1552 1423 letitiam
1565 1347 1663 1421 suam
1689 1345 1875 1425 efficacem

378 1506 383 1514 .
453 1449 653 1534 retinere,
676 1445 769 1521 uelit
797 1445 941 1522 Rationi
959 1445 1032 1542 hoc
1050 1445 1254 1544 suggerenti
1276 1443 1460 1522 assentitur.
1511 1447 1699 1544 Scriptura
1713 1447 1872 1522 disertior

479 1547 652 1632 docenti,
673 1561 778 1624 mut*
790 1561 855 1626 ‘uo
872 1549 1030 1618 Rmriiiare
1041 1547 1386 1637 jehovaecommenium
1397 1575 1455 1618 nou
1467 1546 1587 1642 effluifi
1597 1547 1776 1618 monentibus
1788 1572 1874 1617 emm

483 1643 535 1726 PI:
554 1667 638 1720 xxv:
662 1669 716 1740 14
733 1639 868 1742 ipsique
884 1642 1077 1742 Domino,
1103 1643 1328 1732 inclamanti,
1346 1646 1551 1736 separamini,
1583 1643 1629 1732 ei
1659 1653 1816 1738 impurum
1836 1671 1876 1717 nr

466 1743 620 1840 'tmgirr,
643 1761 775 1838 tmnego
788 1749 936 1834 excipiam
952 1769 1023 1830 vor,
1045 1763 1067 1819 2
1086 1742 1172 1820 Cor.
1199 1765 1255 1820 ru:
1274 1769 1328 1838 17.
1342 1741 1505 1820 lubenter
1519 1744 1643 1820 credit
1681 1739 1876 1842 Experien-

481 1843 530 1919 eii
544 1845 650 1917 etiam
661 1841 831 1938 Magistra
844 1841 1057 1932 condoceiit,
1073 1865 1180 1940 quam
1194 1844 1354 1937 primum
1365 1844 1550 1940 inpietatis
1562 1842 1678 1919 studio
1690 1839 1874 1930 flaccescit,

482 1940 679 2016 maxillam
697 1937 838 2016 Divinae
856 1943 1126 2017 communionis
1140 1939 1368 2016 dulcedinem
1391 1943 1566 2017 imminui.
1619 1939 1743 2033 Quam
1758 1963 1877 2039 quum

391 2055 395 2066 '
483 2037 586 2119 Fides
599 2039 699 2136 supra
711 2041 832 2116 omnia
845 2053 995 2138 quaerat,
1023 2037 1099 2114 fieri
1116 2038 1214 2114 aliter
1224 2063 1302 2114 non
1314 2039 1445 2136 potest,
1470 2043 1560 2140 quin
1576 2038 1621 2113 ad
1632 2041 1801 2114 exinriam
1812 2039 1881 2114 ali·

486 2163 596 2240 quam
609 2141 687 2213 vitae
706 2137 970 2212 sanctimoniam
993 2150 1162 2236 potenter
1179 2137 1401 2220 exstimuletr
1420 2143 1556 2238 quippe
1578 2136 1731 2236 smequa
1753 2161 1877 2237 neque

486 2239 659 2323 obtineri,
675 2259 793 2336 neque
806 2236 1001 2313 conservari
1014 2233 1130 2334 polle,
1145 2259 1225 2312 eam
1232 2259 1341 2336 quam
1349 2250 1534 2338 tantopere
1547 2239 1684 2336 expetit
1693 2235 1766 2316 Dei
1773 2261 1879 2314 com-

485 2339 724 2422 munionem,
759 2333 942 2416 certiffima
959 2336 1015 2410 eu
1878 2347 1886 2355 ’
1977 2359 1979 2364 ·

502 2484 506 2492 -
537 2432 677 2512 XXIII.
710 2459 788 2510 ιιι.
813 2433 995 2532 Stupenda
1007 2433 1065 2509 illa
1077 2431 1150 2510 Dei
1176 2435 1327 2544 charitas¹
1347 2431 1464 2534 quase
1482 2433 1596 2533 ipsum
1610 2437 1735 2512 animae
1759 2435 1804 2512 ad
1827 2434 1882 2511 sa-
1976 2481 1979 2489 ·

485 2531 600 2611 iutem
623 2532 704 2620 dat,
730 2529 874 2632 quando
896 2531 981 2611 Fide
1005 2533 1303 2635 apprehenditur,
1331 2535 1368 2609 ἃ
1393 2535 1447 2611 uti
1470 2557 1534 2634 par
1559 2536 1617 2611 est'
1641 2536 1799 2612 credenti
1821 2558 1882 2611 re-

515 2632 736 2719 raesentatur,
763 2633 938 2710 mirabiles
962 2632 1121 2709 flammas
1152 2644 1284 2710 mutuae
1307 2632 1557 2710 redamationis
1582 2635 1750 2712 accendit.
1803 2640 1882 2712 Au-

481 2656 624 2832 iimque
638 2732 777 2818 dicere,
797 2736 979 2808 neminem
997 2756 1079 2807 vere
1091 2734 1235 2808 credere
1246 2732 1370 2809 Deum
1388 2732 1518 2808 sottum
1538 2732 1604 2809 esse
1616 2734 1719 2811 suum
1729 2733 1879 2823 Deum,

489 2834 588 2935 quin,
603 2830 691 2907 dum
704 2830 872 2919 ideredit,
888 2834 926 2905 in
944 2833 1117 2927 voragine
1128 2832 1188 2907 Ista
1205 2828 1330 2909 Divini
1342 2835 1473 2907 amoris
1486 2832 1630 2932 stupens
1639 2834 1879 2922 absorbeatur,

491 2944 711 3028 exoptetque
723 2926 785 3004 fibi
796 2928 909 3027 longe
921 2932 1144 3029 capaciorem
1160 2933 1332 3018 animam,
1353 2944 1393 3007 ut
1404 2942 1481 3006 tota
1498 2932 1683 3020 charitate,
1708 2946 1780 3008 tam
1799 2933 1885 3007 diii-

492 3030 621 3127 gentis,
637 3052 745 3126 quatu
757 3027 872 3103 diletii
886 3001 969 3115 liei,
986 3029 1172 3127 repleatur.
1199 3028 1288 3107 Non
1298 3030 1416 3106 nescio
1431 3032 1468 3104 in
1480 3029 1559 3129 ipsis
1567 3032 1757 3131 aliquando
1766 3028 1885 3106 fideli·
1916 3131 1918 3134 Ι

383 3154 392 3175 ¹
485 3128 912 3227 'buslanguereamorem
926 3126 1027 3203 illum
1039 3186 1049 3215 ,
1063 3152 1145 3227 quo
1161 3127 1427 3227 supramodum
1445 3129 1714 3230 mensuramque
1726 3154 1883 3206 omnem

493 3224 618 3306 Deum
636 3224 738 3302 suram
750 3224 897 3321 diligere
904 3238 1090 3302 tenentur:
1108 3226 1217 3302 sed&
1226 3242 1305 3303 tum
1319 3226 1404 3303 fides
1417 3226 1485 3316 illa,
1504 3228 1549 3305 de
1562 3227 1648 3307 Deo
1659 3244 1700 3305 ut
1712 3229 1786 3317 suu,
1800 3253 1882 3305 non

491 3326 695 3401 admodum
707 3323 866 3423 presens,
882 3348 999 3423 neque
1011 3324 1140 3418 uiuida,
1149 3338 1210 3403 aut
1219 3329 1368 3403 excitata
1380 3330 1453 3402 erit
1504 3326 1552 3405 rit
1590 3330 1709 3406 uando
1722 3331 1883 3405 onurino

494 3426 572 3511 talis
610 3422 678 3511 est,
714 3422 821 3497 distat
859 3423 1001 3498 homini
1029 3428 1210 3501 canticum
1239 3429 1406 3515 mnoris,
1445 3452 1523 3505 non
1556 3354 1708 3504 dirimire
1737 3430 1771 3503 ei
1801 3452 1882 3527 quo

400 3614 403 3625 ¹
496 3528 679 3621 Augustino
709 3520 833 3597 Deum
866 3522 1096 3600 deveneratus
1124 3524 1188 3601 est:
1225 3528 1372 3625 Soliloq:
1397 3534 1474 3620 Cap:
1502 3550 1588 3602 xrx.
1639 3534 1720 3601 Amo
1745 3548 1776 3600 te
1797 3534 1884 3600 Derrr
1952 3572 1958 3583 ·

358 3682 365 3693 .
495 3650 599 3710 meur,
629 3620 781 3719 mogifipue
795 3620 913 3715 semper
934 3650 1037 3694 mirare
1058 3632 1169 3716 capior
1195 3634 1269 3725 quia
1287 3646 1327 3697 tu
1349 3652 1379 3698 es
1401 3653 1511 3699 reuera
1534 3637 1615 3700 romi
1641 3630 1725 3700 rneiie
1746 3628 1881 3715 dulcior,

497 3732 579 3799 anmi
608 3722 684 3793 um
701 3720 903 3808 nutribilior,
928 3718 974 3807 ἓξ
999 3732 1081 3795 omui
1096 3727 1164 3797 luce
1183 3728 1304 3797 clarior.
1356 3724 1472 3798 Idcirco
1483 3726 1576 3818 super
1598 3754 1683 3799 omne
1699 3752 1815 3799 aarum
1831 3726 1886 3814 δέ

497 3838 658 3917 argentum
672 3817 717 3905 Ed
731 3820 863 3911 lapidem
870 3820 1035 3913 pretiosum
1045 3850 1075 3894 es
1092 3824 1167 3895 uniri
1179 3824 1305 3895 clarior.
1340 3834 1375 3895 -0
1391 3852 1499 3912 amor,
1518 3834 1577 3923 qui
1591 3826 1823 3921 ‚serrrperferioos
1834 3824 1884 3913 ἓξ

497 3946 655 4018 nunquan
670 3918 811 4010 tepescis,
840 3921 965 3993 accende
977 3948 1033 3995 me.
1060 3922 1394 4020 Accendar(inqrrmrr)
1408 3944 1487 3995 totos
1504 3930 1577 4013 rite,
1593 3946 1632 3997 ut
1650 3944 1730 3998 torre
1752 3928 1886 4020 diligor

499 4036 539 4091 re.
603 4024 711 4091 aanor
735 4026 815 4089 enim
837 4038 868 4090 te
893 4036 1009 4107 ornat,
1042 4029 1099 4119 qui
1129 4042 1230 4093 tecrrm
1269 4024 1393 4121 aliquid
1426 4042 1534 4110 murt,
1564 4026 1648 4125 quod
1680 4049 1740 4097 non
1757 4034 1886 4119 propter

495 4136 530 4191 te
552 4136 646 4189 amnt.
699 4118 838 4212 Diligom
851 4138 903 4207 te,
930 4126 1082 4207 Domine,
1101 4128 1244 4219 quoniam
1261 4140 1299 4191 tu
1318 4130 1402 4211 prior
1424 4123 1556 4217 dilexisti
1582 4152 1638 4197 me.
1781 4136 1784 4141 ’

507 4252 514 4261 ·
543 4210 687 4290 XXIV.
706 4238 770 4291 -ιι,
799 4214 876 4309 Qui
887 4242 969 4293 vere
983 4219 1096 4295 eredit
1106 4218 1139 4293 se
1150 4222 1218 4312 jam
1231 4216 1302 4295 Dei
1312 4219 1442 4295 sottum
1458 4219 1524 4296 eise
1535 4224 1743 4320 participem
1756 4278 1773 4308 ,.
1790 4225 1888 4305 issui

494 4308 746 4412 ipsrusutinon
759 4315 961 4412 potestesse,
974 4321 1021 4392 ita
1033 4342 1102 4393 nec
1112 4318 1228 4415 potest
1247 4318 1336 4392 velle
1350 4316 1462 4410 utfit3
1481 4319 1540 4396 sed
1556 4320 1683 4421 siquid
1696 4323 1886 4424 semetipso

476 4412 710 4512 ‘proruamus
722 4413 887 4503 haberet,
908 4416 945 4489 id
957 4416 1043 4495 Deo
1055 4418 1119 4492 stro
1137 4416 1325 4493 redderet:
1352 4418 1629 4521 indignaturque
1639 4420 1680 4496 se
1693 4423 1887 4502 meliorem

496 4534 577 4621 nou
593 4508 659 4590 else
684 4568 695 4603 ,
723 4512 1000 4617 dignioremque
1023 4518 1087 4619 qui
1110 4514 1196 4595 Deo
1218 4514 1409 4612 reddam3
1439 4531 1579 4600 tantum
1598 4520 1692 4598 abest
1717 4526 1894 4621 ut'quic-

512 4659 519 4669 ·
1198 4665 1200 4676 ι
1402 4669 1410 4690 .
1773 4645 1889 4724 quam

1282 4932 1285 4937 ·
1385 4908 1392 4962 l
