4150 5150
428 416 699 556 Alloqnium
721 415 783 542 od
801 412 1037 524 studiosos·
1052 408 1371 557 Tbebsophiae.

219 580 334 659 lrbetss
352 581 489 677 satsat,
503 578 643 676 sultam
660 586 947 683 prostrationem.
971 580 1077 669 nubta
1098 583 1237 675 desuem
1249 583 1335 677 solet
1352 592 1612 663 conmentario·

219 686 283 763 Sed
300 684 424 780 quodd
444 690 520 759 Deo
534 710 586 757 me
605 680 746 776 didicisse
756 686 934 779 gratulor,
949 688 1084 783 perinde
1101 682 1287 767 existimans
1304 684 1519 783 cujuscunque
1535 689 1595 761 lust

216 782 342 876 sallum
355 782 402 876 sc
418 782 557 859 bominis
574 789 776 865 interuentu,
783 786 936 881 placide,
954 784 1151 883 tranquille,
1174 786 1301 860 &tum
1318 788 1448 883 Spiritu
1465 786 1589 861 lenitu-

185 946 194 955 .
220 887 304 957 linis
318 880 482 974 vobiscum
497 889 727 959 communicare
743 910 839 964 amo:
857 886 917 959 boc
932 904 1061 983 operam
1077 888 1174 959 dans.
1194 904 1234 959 ut
1251 882 1515 967 demorrllr'atiotte
1531 912 1590 959 ve·

218 990 337 1057 sitatis
353 989 395 1056 al
419 988 640 1076 conscientium
660 988 802 1059 Deame
817 989 962 1081 primum
978 983 1177 1083 approbem,
1196 1004 1267 1059 tum
1285 990 1391 1059 animo
1412 1010 1481 1061 meo
1501 1036 1513 1072 ,
1537 990 1589 1059 do-
1673 998 1677 1015 '

216 1090 315 1179 nique
332 1081 438 1164 vobit.
488 1090 605 1181 Atque
627 1086 691 1157 bac
706 1088 836 1159 tuenti
852 1088 941 1159 ratio
960 1138 975 1181 ³.
993 1108 1062 1181 qun
1079 1082 1120 1159 ab
1145 1088 1230 1159 omiti
1247 1080 1392 1182 strepitu
1408 1098 1588 1183 pompaque

216 1186 308 1279 longe
322 1185 445 1272 scemata
461 1182 529 1269 esi,
552 1188 704 1282 quanvis
715 1183 945 1279 frigidiuscula
965 1187 1076 1259 uideri
1091 1186 1210 1281 posito
1237 1208 1298 1259 nou
1319 1206 1428 1259 tamen
1443 1183 1510 1275 suu
1531 1210 1587 1258 ca·

214 1306 268 1359 set
283 1334 297 1369 ‚
311 1284 369 1374 sed
381 1284 578 1375 salutariter
592 1282 828 1382 porrigentibus,
840 1284 958 1359 aculeis
971 1335 983 1369 ,
1002 1287 1046 1359 Θ*
1053 1284 1134 1377 saue
1156 1290 1296 1359 omniunt
1310 1288 1467 1382 aptiffima
1484 1282 1529 1369 est
1545 1287 1589 1359 al

214 1409 285 1463 eam
301 1389 547 1479 ingeneraadam
559 1384 772 1481 sapientiam,
790 1409 887 1482 quam
899 1382 1072 1481 Apostolus
1087 1382 1239 1479 Jacobus
1258 1386 1384 1461 laudat.
1435 1387 1508 1479 Qu
1517 1391 1590 1483 pti·

123 1573 128 1579 ,
214 1509 301 1557 mum
318 1488 448 1583 quidem
464 1484 548 1566 cala
568 1483 633 1571 esl,
653 1487 766 1558 deinde
781 1483 940 1581 pacifica,
958 1508 1071 1582 aqua,
1090 1484 1278 1583 obsequens,
1294 1486 1392 1583 plena
1407 1480 1588 1577 misericor·

212 1588 272 1659 dia
290 1588 335 1661 (s
346 1580 518 1679 studuum
538 1582 712 1665 bonorum,
730 1583 846 1682 absque
866 1584 1094 1681 disceptatione
1112 1588 1154 1659 dt·
1172 1585 1304 1659 minime
1316 1582 1483 1675 simulcra.
1508 1590 1588 1679 Μ·
1716 1592 1720 1599 ”

212 1704 336 1781 esrtque
362 1684 611 1777 confideratione
635 1688 841 1759 Divinarum
863 1690 1061 1765 virtutum,
1085 1704 1189 1783 prout
1213 1685 1412 1783 resplendent
1436 1688 1473 1758 t'n
1496 1686 1586 1777 sacie

212 1783 332 1867 &salli
344 1790 507 1867 Domini,
529 1804 780 1880 ceterarumque
792 1784 981 1875 sublimium
992 1789 1193 1859 veritatum,
1209 1808 1289 1883 quas
1300 1782 1466 1881 patefacit
1478 1790 1586 1859 Euan-

207 1887 357 1981 getiam,
382 1890 418 1958 in
435 1886 505 1958 luce
524 1889 671 1983 Spiritus
685 1886 794 1957 Sanili
806 1886 936 1981 placida
953 1886 1243 1991 contemplationeg
1267 1910 1328 1957 uun
1346 1888 1533 1959 accenditur
1544 1888 1587 1959 al

111 2025 115 2030 ·
210 2011 323 2081 sarum
341 2010 506 2070 morsm,
523 2010 586 2059 nou
602 1991 768 2059 minuatur
791 1988 833 2057 ad
851 1982 1018 2068 strenuum
1034 2004 1097 2083 pro
1116 1990 1163 2060 iis
1184 1987 1371 2059 cernendum
1399 2006 1583 2075 certamen,

209 2091 313 2161 etiam
329 2091 371 2159 ad
395 2091 592 2178 martyrium
610 2111 649 2157 ac
669 2104 807 2159 mortem
826 2084 951 2185 usque,·
974 2110 1047 2159 eum
1071 2110 1132 2159 non
1150 2087 1245 2161 valde
1267 2084 1509 2159 commovebunt
1528 2112 1587 2160 ve.
1618 2108 1619 2112 ¹
1697 2176 1701 2183 .

208 2186 373 2264 lonenses
385 2186 531 2261 derebus
549 2190 689 2259 Divinis
707 2185 952 2260 altercationes.
1002 2191 1080 2259 Aut
1094 2184 1123 2277 fi
1141 2191 1215 2284 quis
1232 2190 1307 2261 inde
1325 2190 1454 2259 oriatur
1472 2190 1585 2276 ardor,

208 2312 282 2361 sum
300 2309 360 2383 ego
378 2286 554 2383 suspellum
574 2284 726 2359 berberem
750 2305 906 2383 tanquam
926 2290 1136 2381 peregrinum
1157 2290 1292 2381 ignem,
1323 2290 1383 2383 qui
1402 2311 1462 2359 non
1485 2284 1528 2369 est
1545 2308 1586 2365 ut

106 2451 107 2491 q
208 2391 284 2466 Deo
305 2392 341 2461 in
359 2388 463 2461 altari
480 2384 601 2478 suast
620 2404 783 2481 acceptus.
833 2388 1097 2485 Quandoquidem
1116 2412 1194 2459 vero
1214 2411 1252 2459 ea
1269 2410 1365 2483 quam
1379 2412 1439 2461 vos
1457 2390 1582 2473 docere,

106 2511 107 2526 ¹
205 2510 266 2563 aut
275 2492 389 2586 postus
401 2485 566 2576 uobiscum
585 2484 818 2576 disceremus,
832 2488 1014 2584 sapientia,
1034 2484 1127 2568 casis
1134 2486 1290 2584 purisque
1302 2485 1456 2584 precibus
1472 2484 1581 2562 dDet

203 2593 343 2688 petenda
359 2585 429 2673 ὥς
447 2590 523 2662 binc
534 2585 639 2680 sacile
658 2586 680 2659 d
697 2613 748 2662 me
766 2592 940 2687 impetrari
949 2586 1057 2684 paffus
1069 2586 1159 2678 firm,
1180 2608 1218 2660 ut
1235 2611 1303 2686 que
1321 2592 1359 2662 de
1374 2607 1507 2684 precum
1521 2615 1583 2662 eu-

104 2714 107 2779 ε
206 2693 346 2774 escitio,
368 2709 468 2786 atque
484 2713 523 2762 ea
539 2692 700 2785 inprimis
721 2693 868 2762 oratione
884 2712 982 2784 quam
998 2691 1232 2761 commendavit
1248 2686 1339 2762 nobis
1356 2687 1485 2780 pens,
1504 2692 1583 2764 olim

104 2798 105 2824 ³
204 2817 262 2866 ore
280 2790 508 2889 exposueram,
536 2813 574 2862 ea
587 2815 669 2862 nunc
685 2791 808 2864 calamo
825 2787 1004 2884 confignata
1021 2788 1116 2862 uobis
1132 2785 1284 2880 fislerem.
1325 2793 1399 2862 Scio
1418 2794 1577 2887 equidem,

105 2959 106 2962 ,
204 2897 295 2966 uiros
316 2895 457 2965 omnium
479 2909 613 2962 atatam
636 2885 737 2987 ussus
760 2893 907 2985 ordinum
925 2885 1140 2984 ilsulriffimos
1152 2937 1165 2975 ,
1184 2886 1368 2986 quibuscum
1387 2913 1438 2962 me
1460 2913 1574 2962 meave

104 3060 105 3063 ,
203 3019 221 3068 c
292 2995 385 3065 arari
400 2991 626 3088 iniquiffimum
641 2987 760 3082 form,
786 2991 867 3063 banc
884 2993 1056 3062 materiam
1072 2993 1201 3086 pridem
1217 2985 1388 3086 occupasse.
1439 2993 1493 3062 At
1510 2989 1573 3081 nisl

203 3119 241 3167 ea
261 3119 283 3164 a
303 3117 354 3164 me
373 3095 518 3188 accipere
540 3094 576 3163 in
596 3094 738 3162 utimum
756 3091 938 3175 inducatis,
965 3112 1028 3187 que
1042 3087 1083 3162 ab
1102 3089 1199 3168 aliis,
1222 3089 1265 3162 dt*
1273 3085 1411 3181 sortase
1432 3089 1572 3171 melius,

168 3241 172 3246 -
202 3193 289 3268 utta
302 3191 404 3282 sunt3
432 3194 476 3266 (θ’
493 3191 577 3263 mibi
593 3209 746 3270 atomum
761 3187 837 3281 esset
857 3192 1076 3286 imponendum
1092 3187 1276 3282 fidentium,
1290 3193 1333 3262 dt·
1352 3187 1447 3262 vobis
1464 3195 1574 3262 vatum

197 3295 390 3392 plerumque
407 3293 613 3366 recedendum
631 3289 790 3368 niuibus.
842 3291 967 3386 Neque
984 3309 1092 3363 tamen
1110 3295 1160 3363 ita
1178 3287 1370 3370 existimetis
1383 3290 1507 3371 velim,
1525 3297 1577 3366 rti-
1712 3357 1717 3368 .

199 3396 250 3469 lril
263 3391 399 3492 prorsus
417 3390 440 3464 b
456 3415 507 3464 me
526 3389 632 3481 allum
654 3385 726 3482 esse.
778 3391 922 3488 Aliquid
938 3410 1027 3463 certe
1048 3395 1083 3462 in
1103 3388 1244 3472 vestrum
1261 3393 1453 3462 commodum
1468 3393 1574 3466 alium

198 3491 335 3586 erius
354 3515 424 3588 quc
436 3489 571 3590 sparfim
590 3487 675 3564 alibi
696 3488 845 3574 exstant,
867 3513 969 3585 neque
989 3487 1106 3587 absque
1124 3487 1267 3572 molestia
1282 3494 1515 3585 sesquitertiis,
1532 3515 1570 3563 ea
1638 3543 1640 3546 -
1685 3573 1687 3588 Ι
1779 3535 1787 3558 s

196 3619 281 3670 matt
316 3591 412 3668 vobis
445 3593 657 3685 collegerim,
684 3593 728 3665 cb*
745 3595 794 3683 in
814 3589 1008 3684 fitsciculum
1036 3613 1097 3662 non
1121 3590 1217 3686 plane
1243 3595 1461 3662 inconcinnum
1478 3593 1566 3664 colli·

169 3686 172 3693 ⁵
193 3697 360 3793 gaverino.
414 3695 463 3768 Et
476 3694 601 3789 quidni
617 3693 657 3764 de
670 3692 729 3764 boc
740 3709 835 3788 opere
856 3692 941 3764 idem
953 3687 1088 3789 sperare
1100 3692 1184 3763 mibi
1198 3690 1323 3770 liceat,
1350 3693 1433 3788 quod
1446 3695 1484 3764 de
1500 3695 1566 3764 ali-

196 3803 225 3871 is
243 3799 351 3876 meis,
369 3815 437 3891 qua
458 3779 526 3864 non'
535 3795 665 3895 ingrata
678 3789 803 3874 uobis,
821 3813 923 3888 neque
941 3789 1078 3886 prorsus·
1094 3791 1231 3864 inutilia
1245 3787 1369 3882 sulse,
1387 3793 1564 3889 aliquoties

195 3894 271 3981 eliis
294 3892 437 3979 reslatil
463 3895 620 3966 Homines
636 3894 782 3965 eruditos
798 3937 809 3965 ‚
826 3894 871 3966 cb*
883 3888 1065 3975 sludiorum
1081 3889 1256 3978 nostratum
1276 3910 1425 3965 veteres,
1450 3911 1490 3964 ut
1508 3895 1564 3965 do-

193 4021 269 4072 cere
284 3993 473 4094 prasumatn
490 4017 561 4066 mea
580 3991 727 4080 mesatis
742 4011 842 4066 vetat
861 3995 1018 4069 tenuitas.
1073 3999 1127 4091 At
1144 4015 1244 4090 neque
1261 3991 1498 4087 displiciturum
1518 3997 1563 4064 iis

190 4091 339 4187 confido,
363 4097 450 4191 quod
460 4091 543 4191 pubi
559 4095 759 4167 Academica
772 4117 811 4165 ta
827 4090 850 4164 b
866 4117 917 4191 me
933 4095 1024 4166 tradi
1040 4093 1197 4173 videant,
1213 4115 1280 4188 que
1297 4091 1341 4166 dc
1357 4091 1417 4188 ips
1428 4089 1563 4186 scortase

189 4220 295 4295 quum
306 4195 446 4290 junctus
464 4190 561 4288 essent
584 4189 786 4288 bmagblris
800 4193 872 4283 suis
891 4193 1087 4268 didicerunt.
1137 4193 1226 4291 Qid
1247 4197 1332 4265 enim
1348 4191 1439 4266 aliud
1458 4191 1500 4267 ab
1522 4217 1560 4266 es

188 4297 375 4395 etspsffent
392 4295 543 4376 bomine,
563 4297 623 4390 qui
642 4293 728 4367 nibil
748 4298 917 4391 antiquius
934 4290 1033 4368 babet
1043 4343 1055 4380 ,
1075 4315 1170 4390 quam
1188 4289 1281 4367 vobis
1301 4313 1346 4365 ex
1364 4291 1460 4386 officii
1476 4297 1560 4368 sati·

186 4388 763 4594 bubulllbllll‘ll
780 4391 1239 4593 mollibilis
1261 4389 1560 4593 sbllii‘lll

280 4527 294 4575 l
665 4541 678 4570 s
1214 4545 1225 4571 o

581 4592 584 4599 ’
671 4611 677 4631 ’
967 4593 998 4672 Δ
1021 4621 1045 4676 2
1448 4594 1559 4671 atto
