4150 5150
243 443 247 453 ·
352 443 359 446 ·
475 445 563 522 seo-
715 472 720 484 .
948 424 1175 506 ‘exetasmo-
1220 429 1394 506 Xlllt·

474 573 808 673 resplendescentiam.
844 575 938 652 Adeo
957 574 1094 674 qbidem
1112 575 1252 656 nefarius
1269 581 1326 652 ille
1341 577 1441 652 hostis
1459 577 1597 654 infestus
1617 581 1758 654 Divinae
1774 581 1852 656 'Ma-

476 681 580 773 jestuti
599 680 666 767 est,
686 679 876 776 ut,s1quo
893 681 996 752 modo
1012 681 1103 775 potis
1124 679 1223 767 ellat,
1243 683 1327 753 nihil
1346 699 1454 775 ageret
1473 679 1628 755 libentius
1654 707 1756 776 quam
1777 706 1850 754 eam

477 782 561 855 solio
581 781 642 854 suo
658 779 838 854 deturbare.
876 782 915 854 Id
938 791 1044 876 'quum
1065 780 1097 854 se
1114 781 1366 858 consecuturum
1391 783 1540 876 improbe
1557 782 1726 882 desperet,
1750 807 1850 856 omne

476 883 574 964 suum
585 885 681 956 virus
696 886 732 954 in
746 883 865 956 clcdlos
877 885 1026 958 evomit:
1044 907 1160 956 omnes
1177 905 1258 963 artes
1274 883 1344 957 suas
1358 886 1500 970 excutit,
1516 909 1632 958 omncs
1650 907 1767 960 movet
1783 909 1850 956 rna-

477 985 614 1070 chinas,
632 1004 672 1057 ut
687 1010 743 1056 eos
762 985 781 1054 ὲ
798 985 873 1061 Dec
888 983 1018 1058 avulsos
1034 981 1097 1066 fibi
1115 987 1304 1079 mancipet..
1321 985 1430 1060 Draco
1447 985 1503 1058 ille
1518 983 1610 1058 rufus
1625 985 1642 1056 ὲ
1663 987 1750 1058 coelo
1768 1011 1849 1078 praa

478 1086 651 1180 cipitatus,
672 1085 706 1156 id
719 1083 788 1180 agit
804 1102 843 1156 ut
861 1085 903 1156 ad
918 1085 1073 1158 insanum
1091 1084 1231 1176 miseriae
1251 1085 1321 1160 suae
1340 1085 1496 1158 solatium
1515 1105 1599 1180 quot
1616 1087 1722 1180 potest
1745 1080 1850 1158 stellas

478 1186 583 1259 cauda
604 1183 661 1256 sua
681 1184 790 1258 seeum
811 1185 943 1272 trahat,
971 1183 1165 1280 sedibusque
1188 1207 1315 1260 emotas
1339 1183 1482 1260 aetheriis
1507 1184 1615 1279 abyffi
1636 1205 1738 1282 puteo
1762 1212 1845 1258 mer-

477 1303 543 1381 gat.
593 1287 744 1358 Primum
762 1287 926 1359 Adarnum
945 1288 979 1358 in
997 1285 1161 1380 Paradyso
1178 1287 1329 1370 adortust
1348 1286 1521 1370 fraudibus
1538 1287 1603 1358 suis
1620 1289 1845 1360 circumvenit.

377 1405 381 1411 “
477 1389 628 1462 Alterum
645 1389 784 1460 tentavit
793 1388 834 1488 jn
852 1386 977 1462 deserto
996 1415 1005 1458 ε
1031 1407 1066 1461 at
1078 1385 1175 1460 caffis
1192 1387 1431 1461 moliminibus.
1483 1389 1531 1460 Ea
1548 1387 1603 1482 spe
1621 1389 1764 1480 dejectus
1780 1411 1850 1460 om-

396 1565 411 1574 ,
477 1513 563 1565 nem.
578 1486 673 1588 suum
695 1489 858 1582 impetum
876 1491 913 1562 in
932 1515 987 1563 ecs
1013 1489 1209 1576 convertit,
1233 1515 1315 1584 quos
1338 1487 1467 1562 offeruit
1488 1487 1549 1562 fibi
1573 1489 1730 1562 Cbrilhrs.
1777 1489 1850 1560 Hos

384 1595 389 1604 '
479 1589 562 1660 dum
578 1588 641 1662 suis
661 1592 835 1663 extricatus
853 1587 1019 1677 callibus,
1040 1589 1106 1664 suis
1131 1589 1254 1663 solutos
1273 1589 1485 1686 compedibus
1501 1611 1600 1684 atque
1619 1589 1798 1672 numellis,
1814 1589 1849 1660 in

480 1687 669 1762 libertatem
688 1691 900 1778 vindicatos,
922 1695 1075 1787 testaque
1094 1691 1137 1763 ad
1160 1691 1298 1766 eoelellis
1319 1693 1412 1786 regni
1433 1689 1570 1785 gloriam
1588 1689 1760 1784 grassantes
1781 1713 1849 1760 cer-

480 1791 555 1872 nit3
570 1793 606 1862 in
628 1791 754 1864 rabiem
772 1790 986 1888 furoremque
1006 1795 1141 1888 aginat:
1167 1817 1205 1866 ac
1226 1793 1386 1888 rugientis
1411 1793 1515 1866 leonis
1536 1791 1663 1878 instar,
1686 1789 1851 1887 prosequi·
1900 1833 1905 1844 ·

370 1945 379 1954 ι
479 1910 560 1978 tur,
582 1892 713 1980 ambit,
733 1893 835 1987 cingit
853 1894 1023 1988 undique,
1047 1912 1086 1966 ut
1108 1896 1243 1968 tandem
1259 1895 1405 1968 devoret.
1623 1897 1626 1902 ’

295 2011 330 2060 ιι
345 2006 452 2085 ernia-
529 1993 580 2065 11.
609 1994 780 2074 Caeterum
798 2015 953 2066 rnutuum
971 1996 1037 2066 hoc
1055 1995 1171 2068 odium
1192 1993 1253 2068 else
1270 2013 1420 2089 oportet:
1439 1997 1489 2068 uti
1509 1995 1602 2066 Deus
1619 1989 1861 2068 nimbata..

293 2070 444 2195 &ihm
480 2091 551 2170 diso
563 2091 718 2193 sanavit,
737 2089 994 2190 quum'serpenri
1012 2095 1122 2181 dixit,
1154 2105 1319 2198 Praeterea
1344 2100 1553 2170 inimicitiam
1568 2113 1685 2190 ponam
1705 2096 1794 2162 interr
1815 2110 1851 2162 te

480 2197 524 2268 (a
542 2196 822 2278 mellentiniam,
837 2195 1055 2295 seniliterque
1070 2203 1157 2270 inter
1165 2196 1271 2286 semen
1286 2218 1398 2278 tuum,
1409 2199 1452 2272 (θ’
1461 2195 1693 2288 semenbujus:
1708 2193 1767 2264 hoe
1779 2215 1851 2262 cca·

419 2303 422 2310 '
479 2293 645 2388 tereteibi
661 2316 776 2392 capet.
798 2319 838 2370 tu
850 2317 960 2370 autem
972 2299 1203 2370 contererbuie
1216 2299 1407 2372 sairanem.
1431 2297 1516 2370 Gen.
1531 2311 1612 2370 111.
1632 2315 1689 2386 15.
1716 2292 1760 2364 Et
1776 2317 1851 2389 pro-

414 2397 417 2404 ’
478 2392 565 2468 fecto
583 2394 772 2492 quicunque
786 2422 882 2487 verae
892 2395 1070 2470 sanctitatis
1090 2395 1223 2472 studiofi
1242 2397 1318 2470 sunt
1329 2447 1340 2484 ,
1362 2397 1387 2468 ii
1410 2397 1617 2470 interneciuo
1637 2393 1716 2466 odio
1741 2389 1851 2486 prose·

479 2515 628 2593 quantur
646 2495 829 2571 Diabolum
844 2524 922 2571 cum
944 2497 1099 2574 omnibus
1117 2497 1273 2594 operibus
1291 2498 1374 2571 suis:
1394 2501 1426 2572 &
1443 2499 1461 2570 i
1479 2499 1571 2572 nulla
1599 2521 1636 2568 re
1661 2493 1848 2589 diligentius

358 2609 361 2614 ⁴
465 2596 540 2693 'fibi
558 2621 806 2686 cavereamant,
822 2626 923 2694 quam
940 2622 980 2675 ut
998 2602 1176 2695 quiequam
1196 2600 1327 2689 saciant,
1341 2598 1670 2690 dicanedesrderent,
1686 2599 1846 2689 cogitent,

412 2750 419 2768 .
475 2697 641 2795 quodipli
663 2727 733 2771 non
750 2701 925 2795 displiceat.
969 2704 1021 2775 Ex
1032 2704 1096 2773 hoc
1106 2701 1199 2774 fonte
1211 2704 1316 2775 oritur
1334 2726 1371 2773 ea
1384 2702 1501 2795 petitio
1518 2725 1619 2796 quam
1634 2722 1723 2769 nunc
1746 2720 1849 2789 expo-

444 2802 620 2889 ,nendam
638 2801 815 2875 habemus:
839 2804 893 2877 En
906 2824 956 2877 ua
975 2824 1138 2879 mouens
1161 2823 1233 2877 uos
1253 2824 1294 2877 nv
1313 2822 1604 2889 mactaremur,
1632 2820 1699 2875 sao
1721 2818 1850 2878 tram
1927 2805 1931 2814 '

321 2970 325 2984 ,
441 2905 445 2913 ’
478 2920 549 2976 uos
577 2925 603 2977 n
627 2924 743 2977 unco.
1218 2950 1221 2959 ,

232 3076 238 3091 ,
290 3015 338 3088 ¹1¹·
356 3011 466 3090 ’faitio-
528 3004 569 3075 Il
580 3006 608 3075 l:
632 3006 741 3076 Modo
754 3005 945 3100 rogavimus
964 3022 1003 3077 ut
1020 3006 1114 3080 Deus
1128 3002 1341 3079 admissorum
1357 3004 1438 3078 clim
1447 3003 1623 3077 criminum
1636 3000 1769 3075 veniam
1787 3018 1848 3072 no-

289 3080 422 3202 ¹0¹ss⁵42¹0⁰¹²¹⁸
446 3108 452 3113 ’
478 3101 529 3175 bis
544 3102 686 3193 fuceret,
709 3108 928 3201 redintegrata
943 3107 1098 3179 amicitia.
1132 3108 1251 3181 Procul
1268 3126 1381 3180 autem
1406 3107 1424 3177 d
1443 3106 1506 3199 piis
1526 3102 1717 3199 pedoribus
1740 3098 1847 3173 abesse

477 3202 596 3289 debet,
614 3226 652 3277 ut
666 3232 704 3277 ea
712 3208 929 3300 impetrandae
941 3211 1053 3279 veniae
1076 3207 1163 3301 spes,
1186 3226 1244 3280 aut
1269 3212 1455 3303 impetratae
1479 3202 1618 3291 fiducia,
1642 3202 1847 3275 securitatem

475 3304 593 3386 animis
606 3306 760 3392 inducat,
788 3306 887 3378 eosve
904 3308 1002 3377 novis
1021 3308 1214 3403 criminibus
1239 3300 1405 3402 expositos
1418 3308 1524 3381 faciat.
1558 3310 1639 3395 Qic
1655 3303 1686 3375 se
1705 3304 1846 3375 clemen·

375 3454 390 3465 ι.
473 3406 857 3501 tioretnptonioremque
880 3407 922 3479 ad
944 3412 1083 3500 'gratiam
1097 3410 1224 3481 Divina
1234 3410 1376 3483 ostendit
1387 3406 1564 3501 Maiestas,
1583 3406 1732 3479 ecnobis
1746 3404 1845 3477 debet

474 3502 534 3579 else
553 3506 783 3581 venerabilior.
809 3508 858 3581 Ps.
875 3530 990 3583 cxxx:
1003 3536 1041 3605 4.
1067 3515 1169 3609 Apud
1186 3532 1221 3583 te
1237 3508 1281 3593 est
1297 3514 1509 3591 condensum
1529 3530 1574 3598 ut,
1587 3526 1779 3581 reverenter
1796 3531 1845 3577 ce·

472 3608 569 3686 laris.
609 3605 732 3682 Tantae
751 3612 1077 3703 tamqueimmetitae
1091 3610 1305 3705 benignitatis
1325 3608 1543 3693 conscientia,
1566 3608 1614 3681 uti
1632 3628 1778 3679 mentem
1793 3606 1844 3676 in·

470 3706 750 3806 llanrmatoptimi
767 3708 1018 3805 sanetiffimique
1035 3714 1181 3785 numinis
1203 3736 1332 3793 amore,
1352 3712 1400 3785 ita
1415 3712 1434 3783 ὲ
1452 3710 1618 3804 peccando
1632 3710 1845 3781 vehementer·

470 3808 652 3883 absterret:
673 3840 715 3884 ne
731 3816 766 3884 dr
780 3811 874 3884 abuti
888 3814 1014 3884 Divina
1030 3811 1179 3887 bonitate
1196 3812 1420 3897 videamur,&
1435 3836 1601 3884 novorum
1624 3810 1720 3883 nobis
1739 3808 1843 3903 getni-

470 3930 568 3984 tuum
588 3910 839 4007 difficiliurnque
859 3913 1137 4007 supplicationum
1158 3910 1377 3986 neeeffitatem
1396 3914 1608 3997 inducamus,
1633 3916 1666 3984 ἃ
1684 3910 1842 3981 arnicitiat

471 4011 726 4106 exoptatilsnnae
744 4014 918 4086 dulcedine
934 4017 1122 4107 privemur,
1137 4016 1269 4109 ejusque
1287 4015 1518 4109 recuperandae
1535 4014 1626 4085 viam
1643 4010 1742 4084 nobis
1757 4034 1840 4103 pree-

386 4141 394 4160 ¹
469 4112 664 4203 scindamus.
715 4116 853 4188 Certum
873 4117 1017 4209 denique
1041 4118 1088 4190 est
1100 4168 1111 4203 ,
1135 4117 1304 4199 neminem
1330 4114 1426 4209 polle,
1432 4110 1674 4209 justificationis
1695 4112 1767 4185 suae
1792 4111 1839 4201 ju-

470 4216 580 4287 cundo
599 4204 691 4287 sensu
709 4213 800 4303 frui,
818 4212 882 4289 nisr
900 4218 958 4311 qui
982 4218 1177 4313 diligentem
1200 4214 1450 4291 fanaifinrioni
1469 4240 1604 4311 operam
1622 4214 1691 4287 dat.
1735 4212 1840 4302 Cujus

468 4313 732 4389 sanfflfiutionis
751 4343 870 4413 magna
886 4344 961 4412 pars
978 4318 1043 4406 est,
1056 4318 1180 4414 peccati
1195 4320 1312 4391 odium
1332 4322 1365 4391 ἃ
1382 4316 1470 4412 fuga.
1497 4319 1538 4391 In
1553 4318 1588 4387 id
1606 4316 1740 4410 quidem
1752 4314 1840 4405 jura-

468 4433 524 4489 tus
538 4420 725 4491 animarum
737 4420 918 4508 nostrarum
936 4420 1038 4493 hostis
1049 4420 1226 4507 incrunbit,
1236 4440 1274 4493 ut
1284 4416 1395 4515 priscis
1410 4420 1507 4503 soluti
1523 4416 1642 4490 debitis
1662 4440 1744 4489 mox
1760 4438 1839 4487 con-

407 4567 411 4580 ·
468 4518 635 4593 munus
648 4544 750 4610 nova.
776 4521 840 4595 Sed
858 4522 1020 4617 quialraec
1035 4521 1190 4599 foderata
1205 4522 1307 4603 hostis
1319 4516 1720 4621 nostrimoliminasuuts
1734 4513 1842 4590 nobis·

850 4678 857 4696 ι
1791 4638 1835 4693 u

1648 4901 1652 4909 “
1715 4909 1721 4949 Ι
