4150 5150
725 441 789 518 tue
814 443 987 520 Oratione.
1007 433 1019 512 ’ἱ
1167 514 1171 521 .
1449 545 1452 549 ¹
1501 473 1569 550 233

178 573 312 665 firmata
330 583 490 676 contingit
506 587 646 664 Deum:
672 588 786 660 Simile
803 594 888 662 enim
900 594 941 662 ud
956 589 1063 684 fimile
1072 593 1229 662 accedere
1246 587 1363 682 neceffe
1382 589 1437 674 et.
1462 631 1468 640 ·
1487 598 1551 672 Sed

185 680 354 774 &aliquid
380 681 488 756 verbis
507 679 648 758 Domini
668 685 855 772 continetur
878 689 966 784 quod
986 690 1209 766 Oeconomiae
1226 689 1322 763 Novi
1345 693 1567 772 Testamenti-

181 779 225 886 eli
238 781 422 876 proprium.
457 784 501 856 Et
517 802 598 857 tunc
614 785 726 884 Deum
744 787 880 861 adorare
898 792 934 862 in
950 791 1075 882 Spiritu
1099 791 1284 862 &veritate
1301 789 1348 862 est
1366 818 1443 866 curn
1459 798 1549 873 colc-

113 919 115 932 ·
180 878 309 953 refine
336 903 492 976 apparatu
510 887 750 958 elementorum
767 890 881 960 mundi
898 887 1105 983 &praecepti
1124 889 1284 975 carnalis,
1304 887 1373 962 fine
1386 889 1548 987 figuris&

180 979 331 1068 umbris,
352 982 420 1054 stne
434 981 633 1078 respectum
651 1007 775 1058 certum
791 990 937 1082 aliquem
949 991 1060 1062 locum
1073 1009 1243 1083 certosque
1256 991 1348 1084 ritus.
1374 993 1465 1067 Tum
1476 1003 1549 1094 Spi·
1649 1007 1659 1013 “

178 1085 265 1154 titur
278 1087 461 1176 opponitur
478 1090 601 1158 Literae
614 1111 651 1156 ac
668 1095 832 1183 Precepto
848 1091 981 1162 Carnaii
995 1119 1006 1161 .·
1026 1091 1062 1163 V
1058 1095 1162 1164 eritas
1186 1089 1332 1167 Umbris.
1370 1091 1449 1166 Hoc
1468 1121 1560 1190 quo,

111 1257 113 1282 ξ
179 1205 238 1274 que
254 1207 297 1254 ex
314 1192 354 1256 'eo
373 1184 544 1262 deducitur
562 1187 653 1280 quod
669 1187 759 1258 Deus
778 1193 921 1282 Spiritus
935 1190 1001 1279 fit,
1024 1193 1122 1260 Mens
1134 1245 1150 1282 ,Ι
1162 1209 1203 1262 ut
1220 1193 1330 1264 Cicero
1354 1195 1423 1273 ait,
1441 1195 1552 1284 serlum

111 1303 113 1372 j
179 1284 219 1354 Ψ
231 1283 526 1378 libere‚segregata
541 1285 679 1358 domni
691 1293 888 1360 concretione
900 1292 1035 1362 mortali
1054 1318 1077 1362 .·,
1092 1314 1192 1381 quare
1210 1315 1366 1382 corporeo
1381 1293 1476 1366 cultu
1490 1321 1568 1386 nec,

176 1407 230 1476 per
246 1381 281 1454 se
295 1409 355 1460 nec
370 1385 535 1478 preecipue
552 1383 741 1458 delectatur.
769 1389 852 1460 Non
867 1389 966 1483 longe
989 1391 1068 1460 hinc
1078 1387 1150 1460 obit
1165 1390 1256 1482 quod
1274 1413 1315 1460 ex
1330 1395 1467 1466 Philone
1482 1395 1552 1467 lau-

110 1478 111 1524 3
177 1483 231 1554 dat
256 1489 395 1558 Grotius
424 1479 559 1578 ymnius
582 1479 644 1580 pir
664 1477 857 1590 &apameiae
875 1481 1077 1598 cirrigeros
1097 1482 1187 1570 Θιδς·
1207 1469 1387 1582 prio-ruris
1418 1493 1552 1573 ductui

110 1641 112 1680 r
174 1567 289 1682 ψυκῗις
302 1611 360 1656 uer
378 1567 472 1682 pirro
486 1575 614 1668 Surio
633 1567 779 1691 papiens
799 1568 972 1663 ciuilem.
1024 1593 1182 1662 Genuinis
1209 1587 1353 1660 cultibus
1371 1591 1551 1668 deleiiarur

109 1715 111 1784 ς
176 1687 295 1756 Deus:
315 1687 457 1757 Gennini
476 1703 585 1756 autem
612 1687 662 1758 illi
683 1688 1032 1776 acimaetensem,
1053 1712 1121 1785 qua
1144 1692 1259 1760 tudam
1268 1688 1429 1786 scalamque
1450 1692 1550 1773 vitiu

109 1797 111 1878 g
176 1783 405 1876 maffeus,
422 1783 619 1860 Veritatem.
658 1786 711 1858 'Et
727 1781 752 1856 sr
767 1786 1050 1880 empusialiquod
1071 1789 1280 1860 correiiionis
1296 1782 1549 1879 exspectandum

109 1933 111 2000 p
174 1881 293 1959 suerit,
313 1885 369 1958 uti
383 1883 449 1956 suit
468 1931 479 1967 ,
500 1884 702 1956 conveniens
725 1885 799 1958 Deo
819 1883 884 1959 suit
902 1912 941 1959 eo
960 1885 1075 1958 saltem
1092 1887 1455 1982 tempore-ostendere,
1476 1913 1548 1962 non

108 2002 111 2080 ς
176 1985 301 2078 placere
324 1983 385 2056 srbi
408 1980 686 2056 nisrrationalem
711 1987 864 2073 cultum,
888 2012 958 2060 non
982 1988 1157 2080 alligatum
1177 1987 1381 2081 temporibus
1410 1987 1544 2084 locisve.

108 2167 112 2192 .
174 2085 277 2176 Supra
296 2087 511 2158 Menandrum
528 2086 594 2172 est,
611 2085 703 2179 quod
718 2087 848 2201 Tameq
861 2085 988 2183 spripsrt
1003 2091 1205 2170 Menander,
1224 2068 1323 2162 πέντ’
1343 2087 1393 2166 ier
1411 2089 1461 2189 τῷ
1480 2115 1547 2162 rw

173 2185 225 2284 λῷ
235 2176 336 2285 λόγῳ
348 2177 460 2279 sepiri
475 2184 528 2264 tic
542 2178 612 2286 ydp
627 2189 692 2263 eru
709 2181 725 2258 i
744 2197 906 2272 Murrus
920 2188 1017 2287 Θιῷε
1035 2193 1128 2260 Bone
1145 2194 1247 2260 menti
1259 2189 1363 2258 omnia
1374 2207 1435 2282 pro
1450 2189 1545 2260 Tem-

107 2375 108 2380 ἵ
170 2290 224 2378 plo
237 2286 326 2382 sunt.
358 2289 500 2358 Animus
517 2290 601 2358 enim
622 2283 685 2369 est,
706 2291 764 2382 qui
783 2289 936 2382 loquetur
957 2295 1046 2360 Deo.
1096 2287 1179 2360 Eam
1199 2289 1314 2360 horam
1335 2286 1447 2357 venire
1461 2286 1545 2360 dicit

107 2459 108 2464 ,
173 2383 368 2482 Dominus,
392 2384 469 2476 quia
488 2403 618 2478 tempus
641 2385 868 2480 destruclionir
890 2387 1006 2481 templi
1023 2379 1320 2480 Hierusolymitani
1340 2386 1542 2460 destinatum

106 2533 108 2544 ·
173 2481 481 2581 appropinquabat:
507 2489 575 2558 imo
591 2486 661 2581 jam
679 2483 758 2572 else,
781 2488 939 2583 quiajam
959 2506 1033 2589 tum
1048 2483 1158 2560 fideles
1174 2484 1377 2589 incipiebant
1399 2487 1438 2558 de
1455 2510 1492 2559 eu
1507 2513 1542 2562 re

172 2588 307 2659 erudiri.
376 2617 396 2625 ⁶
1550 2612 1556 2619 ’

217 2690 293 2763 XL,
319 2686 498 2781 Aliquanto
517 2686 689 2761 obscurior
704 2688 750 2761 est
766 2688 858 2763 Pauli
873 2686 975 2792 ῥῆσις.
1007 2714 1021 2765 1
1038 2691 1118 2763 Cur:
1135 2714 1240 2763 xrv.:
1259 2710 1386 2783 1415:
1403 2697 1440 2761 Si
1453 2714 1540 2761 orem
1570 2736 1620 2784 xp,
1638 2738 1705 2786 m„

170 2789 304 2883 lingua,
318 2788 457 2885 spiritus
472 2814 560 2861 meus
582 2807 654 2863 orat
670 2842 680 2873 ,
699 2790 754 2877 sed
772 2791 986 2883 intelligentia
1004 2816 1074 2863 mea
1094 2788 1135 2869 eli
1154 2786 1360 2881 instuliuosu.
1388 2793 1476 2883 mic
1495 2786 1538 2870 esi
1551 2800 1653 2879 lingua,
1665 2796 1717 2863 spr-

168 2891 306 2983 igitur?
331 2888 428 2962 crebo
441 2889 586 2985 spiriru,
601 2884 657 2975 sed
677 2887 775 2963 orabo
798 2894 899 2961 etiam
916 2887 1149 2985 intelligentii.
1203 2890 1299 2977 Quid
1314 2890 1366 2959 liic
1383 2886 1428 2958 est
1445 2914 1539 2961 orare
1550 2877 1717 2984 ζ’ἓζζζῗζῗ*

168 2988 322 3084 Linguis
345 2989 447 3083 q'nid,
469 2993 599 3083 Spiritu
619 2989 635 3059 i
661 2988 765 3081 quid,
790 2990 932 3062 Mente?
955 2996 1083 3085 Lingua
1105 2986 1265 3082 significat
1282 2988 1334 3059 bic
1351 2987 1537 3060 sermonem
1555 3014 1594 3059 τι.
1606 3010 1648 3056 rr·

167 3090 238 3162 aliis
257 3090 487 3182 incognitum,
508 3090 599 3178 cnjus
619 3086 715 3159 usum
731 3090 803 3181 quis
823 3084 975 3181 singulari
995 3090 1133 3185 Spiritus
1150 3090 1260 3162 sancti
1278 3085 1366 3159 duno
1384 3087 1539 3161 consecu-

166 3210 218 3263 tus
243 3186 293 3261 fit.
347 3189 513 3263 Credibile
534 3190 579 3261 est
599 3216 654 3262 cos
673 3212 714 3259 cx
734 3189 937 3274 Corinthiis,
958 3190 1077 3284 quibus
1097 3188 1435 3282 donumlinguarnm
1456 3214 1537 3261 con·

166 3286 286 3363 celsum
306 3311 393 3375 crat,
412 3290 481 3383 prae
499 3291 625 3361 certeris
644 3290 775 3361 charam
795 3286 937 3361 habuisse
954 3290 1136 3363 Hebraeum
1154 3319 1164 3370 t
1191 3288 1273 3361 adeo
1292 3307 1330 3360 nt
1354 3312 1391 3359 ea
1409 3290 1539 3361 concio-

164 3416 224 3465 nes
251 3394 408 3483 &preces
429 3390 501 3461 suas
519 3390 618 3469 etium
641 3390 729 3483 apud
748 3391 835 3461 cives
856 3415 926 3461 non
947 3390 1166 3485 intelligentes
1184 3390 1320 3461 recitare
1340 3388 1536 3461 amaverint.
1594 3418 1601 3427 ·

162 3492 281 3566 allecti
297 3493 422 3585 linguae
443 3492 531 3562 illius
546 3489 756 3585 praemia,
777 3490 857 3563 &in
875 3488 1054 3562 scrutandis
1077 3490 1187 3583 priscis
1208 3486 1350 3563 oraculis
1374 3489 1554 3564 utilitates
1661 3512 1669 3521 ·

162 3589 302 3667 fornffis
317 3594 416 3665 eciam
436 3590 556 3663 imbuti
572 3615 609 3663 ca
622 3590 792 3684 opinione,
808 3614 885 3682 quae
905 3591 993 3683 apud
1006 3591 1143 3685 Judrcos
1161 3586 1279 3685 pnlsrm
1296 3586 1451 3681 vigebat,
1465 3615 1540 3661 ver-

163 3692 208 3767 ba
224 3693 320 3787 Legis
341 3696 374 3765 &
395 3694 634 3787 Prophetarum
654 3692 762 3783 primo
780 3686 941 3763 Hebraico
963 3688 1116 3784 legenda,
1134 3711 1209 3762 tum
1229 3688 1359 3781 vulgari
1384 3688 1542 3762 idiomate

162 3793 361 3887 exponenda
379 3790 448 3865 else.
489 3794 602 3865 Preces
621 3810 735 3865 autem
744 3792 819 3862 Deo
832 3790 929 3885 longe
948 3788 1154 3885 gracillimus,
1170 3814 1249 3886 quae
1262 3786 1411 3861 Hebraea
1429 3789 1542 3882 lingua

162 3912 336 3987 conceptae
361 3890 489 3972 elsent3
517 3910 647 3963 caeteras
673 3892 912 3985 propemodum
945 3890 1109 3985 proficuas.
1161 3892 1217 3965 Nc
1244 3886 1384 3962 llrabica
1406 3890 1560 3983 quidem·

162 3994 300 4088 lingua,
321 3995 474 4087 quamvis
488 3993 639 4085 proxime
654 3992 695 4063 ad
708 3990 890 4065 Hebraeum
903 3993 1055 4077 accedat,
1069 3989 1216 4085 publicas
1231 3990 1267 4062 in
1277 3990 1454 4083 synagoga
1466 4015 1544 4083 pre-

161 4120 223 4173 ces,
232 4095 362 4187 concipi
381 4094 569 4187 patiuntur,
585 4091 707 4163 nedum
727 4092 798 4163 aliis
816 4092 936 4187 linguis
957 4117 1100 4189 quacum
1117 4092 1226 4164 multo
1246 4092 1358 4192 minor
1379 4114 1456 4162 cum
1469 4090 1541 4161 He-

160 4194 254 4267 broea
270 4190 416 4267 affinitas
431 4193 500 4265 est:
521 4216 586 4285 qua
603 4192 694 4263 dere
710 4192 816 4265 videri
834 4188 967 4285 poliunt
985 4188 1136 4285 jacobus
1152 4191 1294 4285 Capeliue
1312 4193 1346 4263 ἃ
1363 4188 1537 4281 Licbtfco·

157 4317 217 4371 rur
268 4296 389 4387 Neque
411 4293 496 4367 solos
523 4290 687 4365 Hebroeos
710 4316 748 4365 ea
771 4292 884 4386 opinio
906 4288 1044 4389 incellir.
1097 4294 1151 4363 De
1171 4290 1243 4361 aliis
1265 4291 1367 4362 etiam
1387 4290 1541 4361 Clemens

155 4394 404 4506 Alexandpinus
426 4404 548 4468 Strcm:
574 4392 652 4467 Lib:
672 4415 704 4464 r.
727 4384 864 4503 'Enpiq‘
883 4382 946 4471 reis
968 4382 1074 4485 pixis
1094 4386 1307 4487 iponcyien
1327 4384 1357 4463 ir
1379 4380 1540 4497 cispano

154 4486 386 4591 &aaronque
399 4490 465 4580 τάς
481 4484 643 4595 ssupsdpp
662 4492 754 4593 <puri
773 4484 964 4594 nepopippc
977 4516 988 4566 ι
1000 4492 1268 4601 ιςιιιιιιιίιιςιιιίιειιι
1287 4491 1339 4595 Ψ
1350 4504 1537 4662 «ξέἵὲ

200 4924 242 4941 ..υ-
