4150 5150
493 447 569 532 164
1029 437 1233 514 Exercitatio
1264 436 1367 514 XII.

308 627 460 684 ,mm
539 580 715 656 XXVII.
741 581 772 654 E
795 599 909 682 contra
932 580 1031 656 beata
1040 584 1224 660 admodum
1237 609 1355 662 eorum
1374 583 1522 658 conditio
1544 581 1614 669 est,
1644 576 1767 675 qubus
1787 585 1861 674 p'ec·
1981 555 1983 568 Α

309 697 338 746 in
350 687 473 742 remiffio·
493 700 642 756 catorum
659 685 792 756 veniam
812 685 992 758 clementer
1006 685 1157 781 indulget
1172 689 1273 762 Deus.
1307 685 1356 760 Ps.
1379 707 1509 760 xxxtt.
1531 707 1563 759 1.
1584 703 1619 760 2.
1633 683 1744 756 -Tunc
1770 681 1862 753 enim

309 771 482 893 ffissssffi
492 785 532 856 ll.
547 783 600 857 Ab
614 784 966 874 irrumaledittione,
986 807 1085 882 atque
1103 789 1195 860 omni
1209 790 1297 862 malo
1319 788 1411 882 quod
1426 809 1538 860 revera
1548 785 1677 860 malum
1695 783 1762 864 est,
1782 781 1862 854 libe
1982 851 1983 856 ,

200 907 203 913 ’
230 944 236 953 .
311 891 347 946 αθ
362 888 810 962 raram-rantur.nom.v11
824 910 852 960 t.
865 907 899 961 1.
924 887 1061 960 Nonest
1074 887 1163 982 quod
1172 887 1404 966 exhorrescant
1417 884 1675 972 adconscientiee
1687 883 1862 959 accusatio·

491 975 569 1072 ries,
590 988 633 1059 ad
650 986 787 1058 Diaboli
798 986 997 1074 calumnias,
1014 989 1056 1060 ad
1068 989 1192 1084 Judicir
1202 989 1430 1069 severitatem,
1448 988 1489 1060 ad
1500 985 1647 1060 numinis
1662 985 1858 1067 vindistam,

493 1088 536 1162 ad
562 1089 745 1162 inferorum
761 1088 979 1161 mentionem.
1006 1089 1103 1178 Quid
1119 1089 1245 1164 accuset
1276 1089 1492 1173 couscientia,
1515 1084 1703 1182 liplacatur
1728 1083 1771 1158 stt
1787 1109 1863 1156 oon·

494 1186 641 1261 scientiae
657 1185 849 1263 Dominus?
868 1193 963 1278 Quas
972 1190 1155 1262 calumnias
1166 1192 1315 1276 intentet
1333 1187 1518 1276 Diabolus,
1539 1185 1726 1281 fijuffificet
1744 1183 1863 1258 Deus?

495 1293 586 1377 Que
599 1290 778 1362 metuenda
802 1287 843 1362 fit
860 1291 977 1384 judicis
994 1290 1169 1380 severitas,
1199 1309 1257 1364 aut
1274 1291 1421 1364 numinis
1439 1289 1607 1374 nuditer,
1631 1285 1864 1360 fisamfarum

494 1387 558 1462 fibi
575 1388 636 1462 elIe
658 1389 756 1463 semel
772 1391 1007 1464 declaraverit?
1028 1393 1124 1482 Qrid
1142 1411 1263 1466 terreat
1288 1389 1469 1466 inferorum
1485 1391 1636 1475 mentio,
1663 1383 1689 1459 fi
1707 1389 1742 1460 id
1757 1385 1864 1459 subla-

495 1510 571 1564 tum
596 1489 636 1564 fit
653 1492 707 1565 cui
726 1489 785 1564 soli
803 1491 923 1565 inferne
942 1493 1090 1566 minatus
1101 1493 1212 1588 estqui
1233 1493 1411 1566 inferorum
1423 1518 1519 1586 aeque
1536 1516 1575 1564 ac
1587 1489 1865 1562 ccelorumclaver
1927 1577 1931 1588 1

496 1589 583 1664 scitu
602 1589 725 1666 habet?
754 1593 787 1666 Si
797 1613 942 1685 paternae
956 1595 1064 1666 adhuc
1084 1591 1229 1670 ferendae
1255 1591 1319 1670 fint
1337 1593 1584 1687 castigationem
1611 1609 1647 1662 nt
1661 1589 1796 1684 benigni
1811 1610 1875 1682 pa·

497 1695 555 1768 tris
573 1711 690 1774 erunt,
713 1719 781 1766 non
794 1692 894 1768 severi
913 1695 1048 1780 iudicis3
1063 1694 1225 1791 dignaque
1245 1721 1283 1768 ea
1295 1695 1496 1790 patrisvirgu
1507 1691 1553 1766 ell
1564 1715 1664 1786 quam
1684 1691 1783 1785 proni
1794 1691 1866 1783 sup·

274 1814 277 1821 '
372 1811 382 1830 “·
496 1793 660 1888 plicesque
674 1793 871 1867 osculemur.
897 1795 1002 1867 Mich.
1018 1819 1103 1872 v11.
1117 1823 1151 1887 9.
1189 1799 1222 1870 Si
1233 1797 1407 1890 contingat
1429 1813 1468 1866 ut
1490 1819 1568 1867 euru
1586 1792 1685 1864 variis
1700 1789 1866 1886 praesentis
1892 1805 1926 1838 *¹

498 1892 596 1970 seculi
616 1894 751 1968 miseriis
769 1896 964 1970 Iudiandum
983 1895 1041 1984 fit,
1061 1897 1166 1972 aberit
1185 1896 1278 1970 abiis
1298 1897 1515 1982 maledidiios
1525 1895 1616 1988 cujus
1630 1889 1866 1974 acerbitassola

499 1996 665 2072 miseriam
686 1994 782 2077 fecit3
808 1995 910 2070 bonae
929 2018 1044 2084 erunt,
1071 2003 1104 2072 dt
1128 2001 1169 2072 ad
1185 1995 1314 2072 bonum
1332 1996 1606 2092 cooperabuntur.
1632 1996 1758 2068 Thren.
1783 2017 1865 2068 ιιι.

502 2119 560 2191 27.
574 2109 635 2182 28.
663 2099 763 2170 Rom.
778 2119 889 2172 v111.
902 2112 960 2184 28.
987 2101 1062 2170 Imo
1081 2125 1123 2172 ne
1135 2099 1241 2195 ipsum
1253 2099 1386 2194 quidem
1400 2099 1515 2170 mortis
1533 2121 1657 2170 nomen
1673 2096 1712 2166 iis
1722 2093 1869 2168 terribile

502 2195 563 2270 effe
574 2197 674 2268 debet
693 2200 751 2292 qui
766 2199 934 2292 placatum
950 2202 1063 2287 Deum
1082 2200 1221 2283 habent;
1244 2203 1321 2296 quia
1340 2197 1454 2272 amilio
1475 2201 1589 2270 aculeo
1599 2197 1656 2270 suo
1669 2223 1739 2269 non
1747 2195 1794 2268 est
1801 2221 1871 2268 arn-

501 2301 590 2394 plius
612 2299 670 2370 illa
684 2323 798 2385 mors,
823 2304 945 2393 peccari
970 2327 1090 2395 poena3
1117 2301 1172 2376 sed
1185 2303 1340 2398 peccandi
1357 2299 1457 2387 linis,
1473 2301 1598 2393 peccati
1619 2299 1868 2382 condemnatio,

504 2404 537 2474 dc
554 2400 709 2472 introitur
727 2401 769 2471 ad
794 2403 912 2474 vitum.
963 2405 1034 2492 Qui
1055 2429 1168 2478 revera
1185 2422 1391 2498 peccatorum
1405 2403 1541 2474 veniam
1556 2398 1748 2474 mnsecuttu
1759 2397 1870 2481 estrei

502 2500 631 2574 licetde
649 2520 756 2588 morte
772 2506 876 2599 'utque
891 2502 1000 2579 inferis
1013 2505 1220 2603 triumphuni
1242 2529 1320 2579 cum
1339 2496 1444 2579 Paulo
1465 2525 1620 2603 tenerer
1638 2503 1715 2574 Cor.
1729 2525 1791 2572 xv.
1812 2521 1870 2595 55.

552 2703 752 2776 XXVIII.
778 2706 814 2775 B.
839 2706 941 2777 Porro
958 2724 1167 2797 peccatorum
1188 2704 1334 2779 remiliio
1354 2734 1427 2779 non
1451 2703 1558 2779 solum
1581 2704 1625 2777 ab
1642 2706 1690 2776 ira
1706 2703 1772 2775 Dei
1791 2699 1873 2773 libe-¹

504 2825 573 2890 rat,
603 2802 657 2875 sed
669 2804 864 2877 &furorem
892 2824 992 2898 atque
1002 2808 1185 2883 amicitiam
1204 2810 1268 2881 Dei
1286 2810 1447 2903 peccatori
1460 2807 1659 2881 reconciliat
1710 2806 1803 2878 Nam
1822 2806 1873 2876 uti

503 2930 547 2978 ex
563 2930 675 2977 amore
687 2903 956 2993 benevolentioe,
969 2926 1068 3002 atque
1084 2911 1309 3003 praeveniente
1319 2910 1382 2983 Dei
1391 2910 1493 3005 gratia
1506 2924 1715 3001 peccatorum
1729 2903 1873 2979 remissio

502 3002 739 3103 proficiscitur3
766 3010 814 3081 ita
838 3006 983 3081 remilsro
1010 3010 1071 3083 ista
1097 3032 1297 3105 peccatorem
1314 3013 1349 3085 in
1365 3038 1404 3084 eo
1433 3008 1607 3083 constituit
1627 3009 1710 3081 lietu
1724 3026 1762 3080 ut
1782 3010 1874 3079 Deus

503 3133 581 3180 eum
596 3107 808 3203 prosequatur
831 3134 944 3182 amore
958 3112 1208 3203 complacentiae
1217 3164 1229 3199 ‚
1257 3117 1290 3186 dc
1308 3114 1460 3208 dignetur
1478 3112 1730 3204 participatione
1752 3110 1872 3181 dulcis·

504 3206 600 3279 simae
614 3207 681 3278 suae
698 3210 824 3301 graciae.
857 3212 1040 3303 Tuncljcet
1051 3212 1167 3287 faciem
1185 3215 1250 3285 Dei
1263 3232 1303 3285 ut
1314 3215 1446 3307 propitii
1463 3212 1566 3284 Patris
1591 3212 1728 3295 intueri,
1750 3216 1783 3283 dt
1807 3208 1872 3282 frui

503 3306 619 3381 blandi
636 3306 795 3379 sermonis
812 3310 976 3403 alloquio,
1007 3315 1038 3383 dr
1062 3314 1205 3386 deliciari
1223 3319 1258 3385 in
1277 3313 1368 3387 sensu
1382 3314 1541 3409 gustuque
1565 3308 1809 3407 jucundillimae
1825 3310 1873 3385 fr·

505 3410 720 3501 miliaritutis,
744 3411 796 3479 cui
818 3412 911 3482 nulla
933 3413 1007 3487 vini
1020 3412 1160 3488 suavitas
1178 3418 1358 3509 caniparari
1376 3434 1483 3509 queat.
1535 3421 1619 3488 Nan
1642 3419 1741 3495 enim,
1761 3414 1874 3507 inquit

504 3511 612 3582 Deus,
637 3514 671 3581 r'n
684 3510 826 3602 seculum
844 3517 1049 3595 contendam,
1077 3540 1179 3613 neque
1198 3522 1396 3589 maternum
1413 3513 1637 3608 effervescem:
1655 3540 1728 3587 nam
1736 3515 1874 3613 spiritur

499 3610 523 3683 d
542 3609 704 3706 conspetiu
722 3636 792 3685 meo
811 3611 1022 3696 obrueretur,
1048 3620 1092 3689 ci*
1108 3622 1309 3713 animaequus
1329 3642 1384 3713 ego
1400 3616 1483 3709 feci.
1511 3617 1592 3691 Vias
1604 3618 1673 3711 rjus
1685 3618 1782 3688 video
1793 3672 1805 3697 ,
1817 3616 1875 3705 sed

502 3710 622 3784 curalo
646 3736 741 3785 eum:
766 3714 807 3786 ό·
827 3718 978 3787 reducam
997 3740 1089 3800 erm,
1114 3722 1307 3814 reddamque
1324 3716 1567 3807 constrictionem
1582 3724 1631 3798 ei,
1656 3720 1700 3792 (Ψ
1728 3718 1871 3811 lugenti-

504 3810 564 3885 bus
581 3818 659 3901 ejus.
685 3811 862 3905 Jesstvrt.
886 3826 1021 3899 16.18.

555 3912 707 3984 XXIX.
735 3914 773 3991 C.
802 3915 1082 4009 Quandoquidem
1101 3918 1174 3989 lreec
1189 3918 1507 4013 omnia-procedunt
1521 3938 1561 3988 ex
1578 3914 1762 4011 pleniliima
1776 3918 1873 3991 Chri-

503 4013 544 4085 sti
562 4012 798 4098 satisfactione,
822 4040 889 4109 qua
914 4042 984 4094 non
997 4018 1100 4090 modo
1121 4020 1300 4112 impunitas
1322 4021 1375 4091 sed
1401 4018 1583 4091 &felicitas
1597 4016 1750 4093 fidelibus
1769 4022 1872 4113 impe-

504 4132 590 4187 trata
607 4114 653 4185 est
659 4142 671 4194 3
686 4113 915 4209 consequitur,
942 4144 1017 4190 cum
1035 4118 1222 4193 remillioue
1247 4140 1454 4217 peccatorum
1478 4119 1687 4203 coniunilam
1705 4120 1768 4193 elle
1782 4122 1874 4211 adju-

503 4214 704 4287 dicationem
719 4216 800 4307 juris
812 4220 854 4290 ad
878 4218 983 4291 vitam
1003 4240 1174 4295 uternam.
1216 4224 1362 4296 lldeout
1379 4226 1437 4317 qui
1454 4220 1576 4293 remitti
1596 4218 1656 4295 fibi
1681 4220 1796 4295 debita
1813 4221 1871 4293 sua

500 4318 601 4408 petit,
624 4316 739 4387 eadem
754 4342 852 4411 opera
866 4338 958 4413 petat
967 4322 1095 4393 decerni
1106 4322 1169 4395 fibi
1182 4325 1442 4397 consummatam
1457 4322 1657 4397 felicitatem.
1683 4324 1869 4396 Beatoeita-

498 4438 566 4507 que
574 4418 671 4504 illos,
690 4424 894 4514 atqueomni
907 4422 1042 4517 quidem
1061 4426 1163 4499 nrodo
1175 4424 1307 4513 beatos,
1329 4424 1449 4522 quibus
1461 4424 1502 4496 de
1511 4444 1719 4519 peccatorum
1734 4423 1870 4499 suorum

525 4623 533 4672 θ
631 4598 636 4605 ,
1758 4522 1870 4601 remis·
