4150 5150
540 433 590 514 86
1044 421 1245 500 Exercitatio
1294 423 1391 502 VII.
1538 502 1550 521 ,Ι

536 559 605 667 qui
621 566 734 666 quoad
750 593 872 670 *corpus
891 571 1087 666 &animam
1102 625 1115 662 ,
1136 596 1175 649 ut
1191 571 1253 648 filii
1272 571 1436 662 familias,
1455 570 1493 647 in
1510 570 1636 649 Palatio
1650 569 1750 646 Patris
1764 566 1807 642 sui
1818 593 1876 664 po

538 671 691 746 debunt:
713 691 814 768 atque
827 674 872 746 ito
885 673 1021 771 quidem
1034 694 1076 773 up
1091 677 1128 750 in
1143 677 1269 750 nullius
1287 694 1449 750 creaturae
1461 676 1621 768 potestate
1635 670 1696 760 sn,
1714 696 1782 743 eam
1795 669 1872 766 digui-

539 794 644 848 tatem
666 771 741 868 ipfis
764 775 907 868 eripere,
927 778 1099 863 minuere,
1118 779 1170 851 vel
1190 777 1391 851 intercidere.
1427 777 1472 849 Et
1489 775 1534 850 fic
1549 776 1642 849 Pauli
1659 774 1739 846 illud
1759 771 1874 845 obtinet:

537 877 638 952 Rom.
652 895 835 966 v111e17.
873 879 966 971 Qod
974 875 1003 968 fi
1016 875 1089 968 filii
1097 931 1109 965 ,
1126 883 1230 954 etiam
1246 882 1407 953 heredes,
1420 878 1559 952 heredes
1571 880 1699 975 quidem
1712 877 1792 954 Dei,
1804 873 1876 946 colr-

537 983 631 1052 redes
649 997 759 1049 autem
779 974 909 1059 tlrrtfli.
1060 1017 1064 1021 -

588 1077 714 1152 XIII.
740 1077 913 1150 Hactenus
930 1073 1089 1150 omnibus
1108 1079 1263 1152 omnium
1279 1097 1472 1174 temporum
1485 1073 1639 1151 fidelibus
1656 1077 1763 1150 Deum
1776 1076 1877 1149 Patren

406 1187 421 1236 Ρ
541 1177 643 1252 suurn¹
653 1177 758 1250 dicere
772 1179 883 1250 licuit:
904 1203 1009 1273 quum
1030 1197 1146 1254 onmes
1162 1205 1183 1252 a
1196 1181 1271 1253 Deo
1289 1182 1448 1276 regeniti,
1467 1179 1551 1252 &iu
1563 1177 1711 1253 filiorum
1725 1177 1790 1269 jtua
1799 1177 1876 1270 adop·

388 1319 399 1354 s
436 1321 467 1356 eu
542 1281 604 1354 teti
622 1279 708 1352 sunt.
743 1281 855 1354 Etiam
870 1277 1021 1355 Israelitis
1036 1280 1163 1354 metum
1183 1281 1476 1355 estrDeut.x1v:
1496 1305 1527 1354 1.
1580 1285 1662 1354 filii
1681 1277 1751 1362 estis
1766 1279 1879 1370 peter

362 1385 449 1490 ff
459 1441 481 1492 i·
542 1387 614 1457 Dei
628 1379 752 1464 vestri:
774 1379 863 1476 quod
878 1381 926 1454 ita
940 1382 1004 1454 toti
1024 1383 1149 1478 populo
1167 1384 1287 1456 dieitur
1303 1384 1430 1457 ratione
1450 1380 1732 1456 confoederationis
1748 1399 1878 1463 externa,

249 1493 263 1500 ⁶
348 1517 363 1554 e
406 1541 414 1558 .
541 1503 582 1556 ιιι
595 1485 631 1554 in
649 1482 759 1556 cledis
777 1483 796 1556 ὲ
816 1483 940 1577 populo
955 1509 1076 1556 verum
1096 1481 1138 1556 srt
1154 1483 1301 1580 resposiu
1318 1485 1505 1578 adoptionis
1522 1483 1565 1554 ad
1579 1482 1794 1555 haereditatem
1807 1495 1879 1552 eter-

538 1609 629 1660 nam.
664 1585 758 1679 lique
781 1582 921 1660 viciffim
934 1575 977 1658 in
997 1583 1064 1658 fide
1081 1583 1236 1658 dixerunt
1252 1587 1348 1660 Deo:
1364 1580 1426 1680 Jes.
1444 1607 1591 1660 uxum:
1609 1594 1666 1658 16.
1692 1591 1768 1655 Soet
1782 1601 1815 1654 tu
1827 1587 1878 1651 Pr·

537 1707 594 1760 ter
608 1683 770 1768 tolleres.
796 1686 867 1767 Tu,
880 1688 1039 1778 Jeheva,
1054 1693 1158 1760 Pater
1171 1685 1274 1770 noster
1287 1715 1336 1762 es.
1353 1687 1566 1781 Iterumques
1583 1682 1648 1782 Jes
1659 1706 1761 1760 cxlv:
1771 1705 1801 1776 7.
1811 1681 1879 1774 Jarr

386 1877 389 1882 Ι
536 1813 642 1868 vero,
659 1787 822 1880 jehova,
844 1793 947 1860 Pater
964 1786 1066 1870 noster
1085 1814 1130 1862 es.
1170 1789 1215 1862 Et
1227 1806 1323 1862 extra
1339 1788 1637 1862 corunrnunionem
1655 1783 1766 1883 populi
1782 1779 1878 1856 Israeli-

536 1889 595 1961 tici
613 1887 712 1961 Elihu
728 1885 840 1960 Deum
857 1889 988 1960 Patrem
1002 1887 1099 1961 suum
1113 1911 1295 1984 nuncupat.
1321 1888 1400 1987 Job.
1413 1914 1546 1964 xmv:
1563 1897 1622 1980 36.
1651 1894 1750 1960 Pater
1764 1889 1880 1978 mipro·

507 2054 514 2064 ,
536 1987 636 2063 betur
656 1988 731 2081 Job
751 1994 853 2062 eriam
871 2009 971 2088 atque
988 1995 1103 2064 etiam.
1142 1994 1265 2080 'Qod
1284 2012 1323 2064 ut
1339 1991 1433 2066 sensu
1455 2013 1526 2066 tam
1543 1992 1677 2075 minuto
1694 1985 1882 2080 intelligamur

535 2089 706 2183 quomodo
725 2093 757 2162 &
775 2090 924 2164 Gentiles
940 2092 1063 2187 Jovem
1080 2093 1210 2168 Patrem
1225 2091 1380 2166 dicebant
1389 2144 1401 2180 ,
1422 2119 1443 2167 a
1459 2091 1525 2167 fide
1541 2093 1710 2188 &pietate
1725 2087 1793 2173 viri,
1808 2079 1881 2159 &so

496 2281 499 2286 η
534 2191 728 2264 miliaritate
745 2217 846 2285 quem
866 2217 945 2268 cum
961 2194 1036 2266 Deo
1056 2192 1223 2282 habebat,
1242 2195 1392 2273 alienum
1405 2196 1462 2268 est.
1495 2196 1602 2269 Acute
1620 2189 1798 2265 observavit
1810 2185 1883 2258 Cele-

535 2289 695 2366 berrimos
714 2293 897 2386 Interpres,
917 2295 1008 2388 quod
1025 2295 1126 2368 Elihu
1138 2296 1184 2370 ito
1199 2297 1401 2394 compellans
1417 2299 1555 2382 Deum,
1577 2316 1617 2367 ea
1629 2287 1882 2389 appellationem-

533 2392 622 2468 dieet
656 2395 684 2466 I.
711 2387 880 2467 Affectum
903 2396 969 2468 Dei
994 2399 1030 2468 in
1051 2397 1115 2469 hoc
1139 2399 1296 2490 judicio,
1319 2398 1441 2472 scilicet
1462 2416 1638 2492 paternam
1658 2391 1881 2468 solicitudinem.

534 2495 578 2570 Π.
596 2488 764 2570 affectum
781 2495 831 2568 sui
848 2497 1016 2591 petentis,
1038 2496 1217 2574 fraternam
1232 2501 1421 2577 charitatem.
1454 2500 1515 2574 111.
1533 2499 1657 2574 Finem
1677 2491 1881 2593 probationis,

534 2594 672 2673 filialem
689 2598 908 2672 reverentiam
921 2618 1022 2695 atque
1040 2598 1207 2675 fiduciam.
1247 2605 1338 2691 Quae
1352 2602 1467 2675 ornnia
1479 2603 1669 2675 involvunt
1684 2599 1760 2673 tales
1777 2596 1813 2668 de
1824 2594 1883 2665 Deo
1945 2637 1947 2648 ‹

534 2698 773 2793 cogitationes,
795 2701 905 2795 quales
923 2702 1088 2775 auditores
1105 2702 1181 2777 suos
1195 2702 1442 2776 haberevoluit
1458 2705 1650 2789 Dominus,
1662 2724 1763 2797 quum
1781 2693 1882 2769 luaeciis

517 2826 613 2895 .quee
632 2804 828 2895 exponimus
841 2800 946 2877 verba
958 2805 1102 2897 praeiret.
1138 2807 1182 2877 Et
1202 2802 1279 2877 sane
1298 2803 1342 2877 ab
1359 2806 1454 2878 omni
1471 2830 1549 2878 aevo
1563 2804 1701 2896 bierunt
1716 2798 1835 2885 fideles,
1854 2812 1883 2866 ut

396 2925 405 2941 ‘
532 2898 622 2990 filii,
641 2902 689 2975 ita
708 2905 846 2979 heredes
871 2910 1022 2979 omnium.
1056 2904 1131 2979 Gal.
1149 2930 1206 2981 tv:
1223 2930 1255 2981 1.
1294 2908 1477 2994 Haeredes,
1498 2909 1661 3001 inquam,
1683 2922 1750 2979 tam
1768 2897 1883 2973 bivine

532 3004 673 3099 gratiam
692 3004 729 3077 in
743 3005 832 3093 hac,
853 3022 974 3100 quom,
993 3006 1123 3101 gloriae,
1138 3008 1177 3081 in
1190 3006 1302 3082 futura
1318 3008 1399 3083 vita.
1417 3007 1467 3081 Ps.
1483 3032 1596 3082 xv11:
1614 3030 1676 3102 ις.
1708 3004 1819 3097 Neque
1832 2998 1881 3069 tlu-

525 3102 640 3179 bitare
661 3104 710 3179 far
731 3106 803 3193 est,
832 3108 914 3201 quin
943 3112 1005 3179 hae
1036 3104 1159 3181 fiducia
1194 3113 1228 3183 o
1254 3110 1310 3206 spe
1333 3111 1448 3185 Deum
1472 3128 1512 3185 ut
1531 3110 1667 3182 Patrem
1690 3106 1783 3182 suum
1805 3102 1881 3173 invo-

532 3206 693 3313 caueoint.
719 3208 785 3303 Jer.
803 3230 886 3282 111:
898 3230 935 3303 4.
959 3212 1017 3283 An
1028 3234 1089 3281 non
1105 3208 1227 3300 fieltem
1251 3211 1292 3285 ab
1309 3213 1369 3285 hoc
1382 3231 1526 3310 tempore
1542 3231 1577 3285 te
1593 3213 1731 3285 docuero
1748 3254 1760 3281 2
1783 3223 1818 3278 ut
1836 3222 1881 3273 m·

530 3332 584 3381 ces
601 3330 675 3380 me,
692 3314 796 3381 Pater
812 3312 878 3383 mi,
897 3312 1249 3399 tudoxedolescmtiae
1268 3315 1366 3388 mee?
1916 3360 1920 3368 ·

310 3474 314 3481 .
340 3432 406 3482 xm.
418 3435 503 3511 ntra-
581 3408 619 3483 X
627 3408 644 3483 l
652 3408 697 3481 V.
721 3410 879 3485 Attamen
892 3408 999 3503 major
1012 3409 1121 3483 adhuc
1136 3410 1278 3513 dignitas
1295 3401 1513 3519 &crepisciti
1528 3410 1605 3486 filiis
1616 3407 1816 3486 Testamenti
1824 3402 1879 3478 No·

341 3506 497 3593 mennam
533 3508 569 3581 vi
586 3508 733 3583 'concessa
748 3510 805 3585 est.
831 3510 982 3585 Profecto
994 3510 1129 3601 illustris
1136 3515 1325 3588 admodum
1338 3512 1404 3585 fuit
1420 3513 1519 3587 licon
1534 3511 1686 3588 fidelium
1699 3512 1822 3586 Veteris
1830 3506 1880 3579 Te·

338 3594 512 3721 ffiffi‘oe
524 3609 710 3698 tumenti,
729 3608 756 3685 st
773 3612 993 3689 contendatur
1013 3639 1092 3686 curn
1112 3612 1199 3688 llam
1215 3617 1411 3711 gentilium,
1429 3614 1499 3687 imo
1517 3620 1550 3689 &
1567 3640 1646 3689 ιιιιιι
1663 3614 1750 3687 flatu
1767 3630 1882 3690 eorumr
1945 3621 1946 3628 ’

338 3729 400 3785 ern
409 3730 454 3786 eo.
533 3712 593 3807 qui
606 3716 643 3783 in
661 3712 730 3787 sola
745 3732 882 3787 externa
896 3712 1028 3787 foederis
1043 3717 1281 3789 communione
1298 3718 1471 3803 viventes,
1489 3742 1580 3792 verae
1595 3716 1726 3813 pietatis
1741 3710 1882 3789 &saura
1945 3749 1946 3752 ι

529 3815 575 3885 ris
596 3816 712 3905 gratiae
736 3814 878 3889 exsortes
903 3815 1004 3889 fuere.
1040 3818 1091 3889 Hi
1110 3822 1199 3891 enim
1219 3844 1334 3893 omnes
1358 3837 1500 3892 manent
1522 3817 1585 3893 filii
1605 3819 1689 3905 irae,
1708 3820 1742 3889 8ι
1761 3808 1883 3890 haettd⁶

528 3913 755 3989 thesaurorum
772 3916 1049 3991 excandescentioe
1066 3920 1217 3995 Divinae.
1270 3920 1524 4018 Veruunomnis
1536 3921 1593 3993 illa
1608 3918 1745 3992 felicitas
1761 3940 1824 3989 noo
1837 3931 1883 4003 pa·
1945 3915 1946 3922 ’

527 4042 605 4089 rum
616 4017 663 4089 de
680 4016 850 4112 splendore
870 4016 929 4093 suo
956 4020 1100 4108 amittit,
1119 4019 1146 4095 fr
1162 4040 1372 4116 comparetur
1395 4048 1475 4095 cum
1489 4024 1530 4095 iis
1545 4018 1728 4115 privilegiis
1747 4042 1819 4114 quae
1834 4012 1883 4085 Pt-

526 4136 578 4191 ter
597 4120 734 4193 coelestis
752 4118 955 4195 beatioribus
969 4122 1066 4195 Novi
1079 4124 1287 4199 Testamenti
1303 4122 1508 4218 temporibus
1522 4120 1712 4197 reservavit.
1750 4110 1883 4209 Antiqui-
1945 4159 1946 4168 ι

422 4286 424 4289 ,
526 4236 578 4293 tus
599 4222 690 4323 euim
708 4218 838 4309 fideles,
857 4224 1009 4317 quamvis
1027 4228 1168 4300 Domini
1178 4231 1340 4313 ommam,
1358 4250 1420 4299 non
1433 4228 1599 4299 admodum
1612 4248 1634 4295 a
1645 4222 1755 4315 servis
1772 4212 1884 4311 differe·

523 4316 604 4395 bant
627 4350 638 4394 .·
663 4324 786 4419 quippe
807 4330 866 4421 qui
880 4324 940 4415 fieb
960 4324 1128 4400 tutoribus
1146 4330 1190 4402 (9·
1213 4328 1416 4403 curatoribus
1435 4347 1551 4422 erant,
1564 4324 1665 4423 usque
1680 4326 1724 4395 ad
1738 4306 1886 4415 tempml
1945 4349 1946 4358 .

522 4428 630 4494 Patre
640 4423 869 4519 proditurum.
896 4426 949 4498 Ar
961 4423 1130 4523 postquam
1147 4432 1243 4502 venir
1255 4430 1387 4526 plenum
1405 4446 1554 4526 tempus,
1576 4424 1681 4519 mifit
1700 4428 1795 4497 Deos
1813 4413 1887 4492 fili·
1943 4512 1946 4521 .

368 4592 376 4607 .
521 4542 578 4607 m
588 4524 706 4619 freon,
725 4545 764 4605 ιιι
781 4550 835 4606 eos
852 4530 912 4626 qui
926 4522 994 4625 legi
1010 4544 1105 4607 erant
1117 4529 1257 4631 subjefii
1271 4534 1470 4617 redimeret,
1491 4525 1660 4611 bbetaado
1673 4524 1775 4615 illos,
1796 4534 1888 4685 ‘lulffi
