4150 5150
428 398 490 484 De
516 400 793 488 Resurreosone
810 410 950 499 carris,
975 407 1012 486 &
1040 404 1125 485 Vita
1152 395 1303 507 lEtesm.
1497 436 1570 506 411

195 524 376 608 tlltefeam
394 552 561 632 occupes·
616 540 749 613 Violeoti
759 566 885 635 regumn
896 539 1037 611 colorum
1047 544 1180 629 repitent.
1217 535 1305 613 Mat
1319 560 1379 613 Χῐ.
1400 558 1454 615 12.
1495 547 1601 632 Uni·⁸

194 637 297 727 eoique
305 632 477 721 secundun
489 660 577 726 opero
585 634 650 729 suo
666 638 775 711 reddet
789 645 879 712 Doro.
931 633 975 716 Et
995 638 1130 711 nemini
1148 635 1295 737 quidem
1314 646 1413 711 uitam
1430 656 1575 711 aetenmm

194 725 251 804 nifi
272 732 312 801 iio
337 742 394 831 qui
402 754 456 825 per
466 736 665 811 tolerantium
676 758 822 836 quarunt
831 739 907 811 borri‘
915 740 1008 829 operio
1016 737 1149 831 gloriam
1172 734 1217 823 ἓξ
1241 738 1572 830 incorruptibilitatem.

193 823 297 944 Rom.
320 854 374 905 ιι.
390 842 424 918 6,
437 858 470 929 7.
522 833 936 928 Quisautemernffimet
950 834 1110 911 laborem
1123 834 1261 924 ullum,
1287 834 1359 915 Dei
1375 836 1576 935 impensum

195 928 397 1019 monsterio,
411 945 474 1009 out
482 934 635 1010 nimium
655 933 732 1025 effe,
744 952 805 1014 aut
816 937 1059 1023 frulbeueum,
1075 936 1133 1011 cui
1151 948 1224 1013 tom
1237 936 1481 1013 maefflmabilis
1493 960 1578 1037 pro-

194 1025 302 1127 pofita
311 1034 449 1128 praemii
460 1056 598 1111 merces
611 1033 685 1111 est?
712 1044 832 1139 ltaque,
859 1044 1054 1111 temesmei
1066 1036 1179 1122 dilecti,
1194 1037 1420 1133 stabilientem,
1434 1044 1575 1121 tenenti,

117 1229 118 1238 ἵ
194 1138 354 1303 mentes
363 1140 488 1310 iungere
499 1140 628 1207 Domini
632 1134 761 1229 sernper,
771 1165 869 1239 quum
873 1138 981 1231 scioto'o
992 1136 1126 1209 ferborem
1137 1140 1268 1229 veJirunr
1278 1136 1535 1234 non-mseiuorrem
1546 1144 1580 1209 ior

116 1307 117 1316 ἶ
275 1236 383 1307 ino.1
439 1256 563 1310 onxv.
582 1247 638 1327 58.
1825 1310 1828 1315 .

241 1324 327 1407 XC.
364 1328 482 1409 Intnis
504 1334 601 1408 enirn
657 1335 694 1410 ui
716 1329 830 1433 pollet
850 1329 917 1411 effe
943 1330 1068 1423 labor,
1101 1332 1160 1413 cui
1180 1332 1312 1413 Divina
1328 1330 1466 1417 Verbas
1490 1331 1637 1413 sum-ro.
1655 1358 1728 1410 rusus
1808 1350 1810 1355 ·

116 1469 117 1474 ¹
195 1450 299 1505 mum
310 1428 401 1507 illud
410 1434 598 1531 praemium
609 1357 763 1522 aldixit,
789 1432 890 1533 quod
901 1430 1035 1510 Divina
1052 1434 1224 1532 praefmbit
1234 1432 1401 1513 Bonitas?
1428 1428 1738 1549 Cuihaecslglmm·

198 1528 392 1607 attendenti
403 1554 480 1609 non
491 1532 627 1609 lubebit
640 1534 846 1621 exclamare,
861 1543 965 1631 Qum
974 1537 1078 1607 multo
1095 1537 1263 1629 opilonitm
1273 1554 1331 1607 tua
1342 1562 1435 1634 qorrrut
1447 1535 1583 1609 reconde
1594 1514 1757 1619 llrfflssd.

115 1667 116 1678 ¹
196 1632 401 1718 reverentibus
413 1652 446 1705 te
457 1639 473 1705 i
489 1638 618 1726 operoro't
628 1660 699 1731 ergo
710 1662 757 1713 eos
772 1632 872 1733 quise
883 1641 1033 1727 recipiunt
1049 1634 1154 1707 redte!
1179 1633 1227 1711 Pl
1243 1656 1353 1709 xxxx.
1374 1656 1433 1711 20.
1460 1633 1676 1727 Quam-vfffi’·

115 1717 116 1750 ¹
197 1740 271 1805 tom
286 1729 376 1806 boni
389 1728 494 1825 hujus
506 1756 583 1808 non
596 1732 701 1808 folbx
712 1732 922 1831 exspectatio
934 1730 1079 1808 adfliois
1098 1735 1279 1809 animabus
1291 1735 1516 1823 consolationem
1528 1731 1588 1807 ad·

181 1827 290 1905 'ferte
314 1842 395 1928 apin
416 1842 497 1906 nota
522 1832 596 1907 est?
621 1832 658 1913 Si
682 1856 747 1931 per
758 1832 968 1928 injustorum
979 1830 1171 1909 hominum
1184 1832 1322 1909 fraudes
1335 1848 1440 1933 atque
1453 1832 1591 1908 violeu-
1659 1928 1661 1933 Ι

114 2019 115 2024 Ν
200 1930 288 2005 tiam
303 1928 410 2023 hujus
421 1928 527 2007 seculi
531 1934 738 2025 facoltatibus
751 1941 826 2005 exui
837 1933 1039 2031 contingat:
1066 1930 1151 2009 Deo
1166 1930 1302 2009 Gratias
1315 1933 1416 2032 quod
1430 1932 1593 2013 Christia·
1751 1964 1754 1971 ·

200 2031 240 2104 ui
257 2027 418 2105 hominis
430 2030 575 2107 felicitas
586 2033 625 2107 in
636 2033 677 2108 iis
691 2055 919 2206 nequapuam
931 2032 1036 2108 rebus
1047 2028 1106 2107 fita
1119 2029 1169 2118 m,
1184 2057 1270 2133 quas
1281 2034 1375 2107 tinen
1388 2048 1449 2109 aut
1462 2033 1592 2129 rubigo

202 2131 701 2231 corrumpitqoaequefurom
713 2156 810 2231 expo
823 2145 879 2209 rtae
890 2130 1121 2207 fontaninus.
1142 2132 1243 2225 Quid
1257 2130 1596 2231 illeperdit,cuifor-

113 2288 114 2295 r
201 2226 284 2305 talfe
297 2230 473 2307 minutula
485 2232 677 2331 quaedam,
702 2233 807 2309 &sua
819 2231 944 2331 sponte
955 2233 1120 2331 peritura,
1145 2256 1224 2331 quae
1243 2233 1280 2307 in
1296 2232 1612 2329 domumrecepit'

113 2411 114 2414 p
203 2350 281 2404 non
296 2328 337 2403 in
352 2332 525 2418 animum,
545 2330 762 2421 adimuntur,
774 2334 822 2425 ita
835 2346 955 2407 tamen
968 2328 1301 2431 utpretiosrlfrmum
1321 2330 1461 2411 Divinos
1473 2333 1596 2429 gratiae

113 2501 114 2524 p
203 2430 381 2506 unionem
393 2430 561 2507 interilum
572 2430 970 2517 hostibusconservet,&
981 2428 1270 2529 locupletiffimos
1282 2430 1406 2529 gloriae
1417 2430 1597 2509 thesauros
1646 2430 1650 2435 ’

112 2596 113 2599 i
205 2526 303 2628 apud
314 2526 438 2606 Deum
452 2527 653 2630 depositos,
675 2534 714 2608 in
725 2531 883 2609 bunion
898 2530 1059 2609 Coelellis
1072 2529 1217 2631 Templi
1231 2535 1376 2622 aerario,
1405 2534 1482 2608 imo
1494 2532 1532 2606 in
1544 2532 1603 2628 ipq

112 2676 113 2719 ς
206 2627 274 2706 fios
287 2626 418 2706 fummi
433 2633 590 2708 numinis
606 2631 693 2720 frou,
711 2633 879 2711 custodiri
889 2628 950 2706 fibi
962 2646 1078 2708 certus
1088 2629 1154 2706 fit?
1179 2629 1270 2708 Heb.
1284 2654 1317 2708 x.
1334 2657 1390 2728 34.
1442 2626 1597 2725 Quodsi

112 2770 113 2775 ¹
206 2731 394 2828 odssiliiouet
403 2732 583 2830 ingruant,
598 2732 726 2812 Christi
734 2731 955 2833 potiffimum
966 2756 1007 2808 ac
1019 2733 1158 2831 pietatis
1170 2730 1299 2826 cauffe3
1324 2733 1538 2810 durumnon
1556 2727 1598 2806 fot

207 2857 281 2906 toton
291 2829 408 2926 Christo
417 2840 485 2924 poti
496 2853 536 2904 ut
545 2859 616 2906 oront
626 2861 658 2907 eo
662 2836 879 2932 glorificemur.
926 2841 1095 2922 Rtoremm
1105 2830 1599 2928 minimepureseffipraefeutisse-

208 2931 275 3005 cttli
284 2931 475 3024 perpeffioreet
485 2933 919 3024 gloriainnobtirevelondae.
949 2929 1058 3009 Rom.
1074 2953 1180 3006 v111.
1201 2955 1255 3026 17.
1276 2946 1329 3017 18.
1358 2930 1503 3008 Simorbi
1516 2931 1600 3002 dolo-
1627 2951 1679 2974 ν’

210 3030 297 3122 resve
328 3053 455 3126 graves
480 3027 546 3106 fine
576 3029 805 3131 corpori3-s1
836 3033 975 3108 animus
1003 3033 1134 3126 ornithon
1159 3033 1383 3108 excrucietur
1411 3035 1602 3126 cogitationi-

211 3130 283 3222 boe3
297 3125 439 3204 limoreis
451 3126 555 3228 ipsius
567 3128 674 3208 faevus
686 3129 881 3208 intentetur
891 3130 1040 3221 horror3
1054 3132 1091 3204 in
1103 3129 1262 3206 futurum
1274 3130 1307 3206 fe
1319 3132 1526 3230 exporrigat
1539 3151 1603 3226 ge-

112 3231 114 3236 ’
212 3227 360 3306 netofus
371 3227 529 3306 hominis
553 3231 739 3309 Christiani
750 3233 912 3318 animus,
945 3255 984 3306 ea
998 3225 1060 3304 fibi
1077 3241 1260 3328 tempora,
1287 3253 1404 3329 neque
1419 3243 1601 3328 tempora,

213 3328 274 3406 sed
291 3331 456 3406 aeviterna
469 3329 606 3418 secula,
629 3329 700 3407 fide
717 3355 919 3430 occupans,
947 3331 1077 3427 quibus
1089 3353 1221 3426 corpus
1239 3331 1406 3405 omnibus
1423 3326 1605 3426 aegritudi·
1718 3353 1721 3360 ·

214 3425 912 3508 numdifficultntibusfolutumemostis
949 3429 1069 3504 ulvere
1080 3427 1300 3516 suscitatum,
1328 3428 1486 3527 glorioso
1503 3425 1606 3508 Chri·

215 3529 258 3604 sti
271 3529 419 3627 corpori
430 3529 632 3618 conforme,
648 3529 800 3628 fulgebit
811 3525 899 3608 ficut
916 3452 968 3601 ln
980 3529 1016 3601 in
1028 3551 1144 3623 regno
1156 3525 1266 3603 Patris
1279 3527 1329 3604 sui
1343 3527 1513 3603 coelestis:
1528 3527 1607 3626 qni-

216 3629 285 3706 bus
298 3629 415 3704 anima
428 3628 754 3706 omnibuseluiiata
763 3629 1002 3706 tentationum
1018 3625 1268 3703 certaminibus
1288 3629 1325 3702 in
1342 3625 1426 3706 Deo
1449 3625 1608 3705 Christo·
1636 3681 1644 3700 .

218 3726 543 3830 que‘deliciabitur,
562 3749 710 3806 nuncea
723 3729 846 3804 omnia
862 3749 1155 3813 commeneus,
1169 3723 1357 3824 poffidens,
1371 3726 1504 3813 fruens,
1536 3723 1608 3801 fme

219 3826 338 3904 modo
355 3851 397 3904 ac
413 3827 575 3904 mensura
592 3884 603 3915 ‚
629 3827 674 3904 ad
688 3827 878 3908 satietatem
887 3824 1015 3924 absque
1027 3823 1191 3914 filietate,
1208 3825 1355 3924 quaehic
1367 3828 1459 3902 inter
1472 3838 1529 3902 tot
1550 3849 1629 3908 am,
1687 3889 1693 3896 .

220 3927 353 4026 guillae
364 3951 497 4016 rerum,
508 3929 746 4028 nequicquam
757 3924 1169 4003 frementeacfrendente
1180 3925 1350 4013 Drabolo,
1364 3925 1525 4013 credidit,
1538 3923 1613 4024 spe·

220 4029 324 4117 ravit,
351 4027 575 4104 &extremis
594 4025 688 4126 quali
707 4027 809 4103 labris
826 4023 1027 4125 prelibavit
1087 4023 1199 4102 Tune
1212 4023 1371 4102 resumtis
1390 4026 1523 4100 viribus
1541 4025 1614 4100 ani-
1735 4063 1750 4105 ,¹-

221 4125 324 4205 mose
341 4126 458 4216 dicat,
484 4149 551 4204 ros
581 4151 639 4202 me
662 4128 781 4202 morbi
794 4140 856 4202 aut
874 4122 1045 4210 dolores,
1069 4135 1110 4199 tu
1130 4147 1190 4200 me
1217 4147 1340 4212 mors,
1368 4139 1407 4202 tu
1433 4149 1490 4200 me
1510 4123 1614 4204 Satan

223 4251 312 4304 cum
327 4227 497 4304 omnibus
513 4227 582 4304 tuis
599 4225 796 4302 inferorum
819 4227 956 4325 copiis,
982 4247 1003 4300 e
1019 4223 1167 4317 statione
1185 4247 1265 4300 mea
1281 4221 1431 4320 dejicere
1449 4223 1614 4324 speratis?

223 4323 305 4426 Jam
322 4325 474 4425 pridem,
488 4324 637 4402 detrabe
650 4349 715 4425 per
738 4323 846 4401 fidem
860 4325 965 4412 larva,
983 4325 1071 4400 rrovi
1086 4345 1159 4400 vos.
1211 4323 1294 4401 Sine
1306 4323 1489 4401 voluntate
1508 4323 1615 4401 Patris

214 4428 301 4504 mci
319 4425 469 4506 eoelestis
483 4451 530 4503 ne
556 4425 681 4501 hilum·
696 4425 868 4523 potestis,
901 4448 948 4499 ne
962 4423 1078 4523 pilum
1097 4425 1282 4500 nocebitis.
1334 4424 1394 4502 Tu
1418 4423 1546 4511 dolor,
1576 4435 1617 4497 tu

223 4527 389 4615 mnibus,
402 4525 561 4608 veterem
576 4525 744 4604 necabitis
757 4523 1155 4702 hominemepfccotpus
1168 4522 1506 4624 destruetispeccati
1558 4519 1619 4597 Tu

1009 4643 1033 4704 2
1519 4644 1617 4698 mors
